2367 3992
332 499 597 565 Hunorum.
620 491 694 558 Er.
725 488 818 560 VH.
887 505 923 578 35

206 621 269 672 Non
281 637 327 686 ego
338 622 391 669 sum
402 619 517 676 Phthias,
531 617 670 680 magnisque
681 610 913 674 oriunda-Mycenis:
935 616 977 668 165

240 700 295 749 Nec
307 700 422 747 steterunt
432 700 457 744 in
471 712 492 744 te
503 699 586 760 virque
600 707 712 758 paterque
725 707 800 740 meus.

207 781 233 828 Si
252 776 328 843 pudet
339 779 419 825 uxoris
429 793 436 833 3
448 790 499 823 uon
510 787 583 837 nupta
594 806 602 830 ‚
614 767 655 818 sed
669 771 764 834 hospita
774 765 873 834 dican·

208 898 211 904 .
241 857 310 905 Dum
322 871 364 905 tua
374 856 404 903 sit
415 851 500 911 Dido,
512 848 638 917 quodlibet
649 843 695 898 effe
706 847 775 896 feret.

207 935 277 985 Nota
287 938 348 984 mihi
360 933 421 982 freta
431 935 485 980 sunt
495 930 579 979 Afrum
596 928 728 992 frangentia
738 925 809 973 litus:

240 1011 403 1078 Temporibus
412 1013 480 1059 certis
490 1006 595 1072 dantque
604 1019 739 1070 negantque
749 1006 824 1052 viam.
935 1010 980 1052 17⁰

207 1090 275 1141 Cum
292 1089 361 1139 dabit
376 1105 432 1137 aura
441 1091 522 1146 viam,
534 1086 647 1151 prebebis
656 1084 750 1132 carbasa
760 1083 848 1134 ventis.

240 1169 314 1218 Nunc
326 1167 385 1217 levis
393 1168 490 1232 ejeslam
501 1167 610 1214 continet
618 1162 671 1228 alga
682 1177 766 1211 ratem.

206 1248 317 1312 Tempus
332 1261 359 1295 ut
371 1245 509 1302 observem,
525 1240 614 1292 manda
624 1243 698 1299 mihi,
711 1236 796 1288 certius
806 1237 852 1286 ibis
865 1254 871 1285 ε

242 1325 296 1374 Nec
307 1339 330 1373 te
342 1359 351 1382 ,
371 1326 390 1371 si
400 1325 479 1387 cupies
493 1322 558 1385 ipse,
574 1336 669 1368 manere
680 1321 765 1366 tinam.

206 1403 239 1453 Et
256 1405 315 1451 socii
325 1405 433 1466 requiem
445 1401 556 1466 poscunt,
576 1398 711 1462 laniataque
722 1396 801 1445 classis
933 1404 977 1452 175

242 1479 351 1529 Postulat
362 1482 456 1543 exiguas
472 1476 618 1526 semirefesia
630 1491 718 1524 moras.

206 1557 256 1606 Pro
267 1561 375 1617 meritis,
390 1560 498 1622 &siqua
510 1557 554 1604 tibi
565 1555 721 1620 prabebimus
735 1552 814 1616 ultra,

241 1638 288 1685 Pro
300 1638 340 1701 spe
355 1639 461 1700 conjugii
472 1651 579 1700 tempora
589 1651 661 1700 parva
672 1649 737 1698 peto.

205 1713 276 1763 Dum
292 1713 354 1762 freta
365 1714 524 1775 mitescunt&
537 1714 627 1773 Amor,
641 1710 700 1762 dum
707 1726 814 1778 tempore
826 1714 851 1761 δι
860 1712 902 1760 usu

242 1793 349 1842 Fortiter
365 1790 445 1842 edisco
457 1791 530 1840 tristia
540 1788 606 1856 poss'e
617 1796 675 1857 pati
933 1792 978 1838 180

205 1871 250 1918 Sin
266 1874 362 1930 minus,
375 1871 407 1920 esi
417 1874 509 1919 animus
523 1873 591 1920 nobis
603 1869 724 1920 effundere
735 1874 820 1921 vitam.

242 1948 271 1996 ln
287 1965 326 1997 me
339 1946 440 1998 crudelis
451 1965 500 1998 non
513 1964 580 2012 potes
591 1946 638 1997 effe
649 1947 700 1997 diu.

204 2028 315 2092 Aspicies
331 2031 421 2075 utinam
434 2044 486 2093 quae
499 2031 529 2075 sit
543 2029 665 2076 scribentis
676 2025 773 2091 imago!

242 2107 373 2154 Scribimus
386 2123 393 2164 3
407 2109 431 2154 δι
443 2109 535 2170 gremio
546 2106 649 2154 Troicus
660 2108 720 2154 ensis
731 2103 812 2154 adest:

205 2184 301 2250 Perque
311 2199 382 2248 genas
393 2184 503 2246 lacrymae
518 2185 623 2234 siricium
636 2185 747 2234 labuntur
763 2188 788 2234 in
800 2186 895 2245 ensem,
934 2193 975 2256 185

243 2262 293 2323 Qui
303 2267 353 2327 Jam
362 2279 406 2329 pro
418 2262 530 2326 lacrymis
539 2265 652 2328 sanguine
660 2267 745 2313 ῑὶιιᾶυς
753 2266 806 2313 erit.

206 2339 292 2399 Quam
307 2342 366 2389 bene
378 2344 524 2390 conveniunt
537 2342 588 2390 fato
601 2356 640 2390 tua
650 2359 749 2391 munera
755 2341 852 2392 nostro!

242 2418 340 2466 Instruis
356 2418 464 2483 impensi
475 2421 553 2468 nostra
568 2419 675 2485 sepulcra
685 2420 759 2470 brevi.

206 2496 261 2546 Nec
278 2513 332 2545 mea
345 2513 408 2546 nunc
420 2500 499 2561 primo
514 2498 631 2546 feriuntur
644 2501 739 2563 pebiora
750 2496 814 2546 telo:

241 2573 287 2622 Ille
299 2573 367 2622 locus
382 2575 438 2625 saevi
451 2574 537 2625 vuinus
548 2577 643 2625 Amoris
654 2577 735 2625 habet.
901 2582 910 2610 ⁹

206 2651 280 2701 Anna
292 2652 377 2713 soror,
390 2654 551 2714 sororium,
566 2671 626 2703 meae
636 2654 699 2702 male
710 2656 804 2703 conscia
815 2654 889 2721 culpae
899 2693 907 2718 ‚

241 2730 295 2777 iam
307 2727 372 2778 dabis
383 2734 409 2779 in
420 2735 508 2780 cineres
520 2732 605 2781 ultima
616 2731 679 2781 dona
689 2749 765 2782 mene.

206 2805 261 2856 Nec
274 2809 399 2858 consumta
414 2813 492 2874 rogis,
506 2811 619 2859 inscribar
629 2807 702 2859 Eiiffa
713 2812 812 2861 Sicbaei:

202 2943 207 2954 Ι
242 2885 297 2934 Hoc
309 2901 388 2935 tamen
399 2890 424 2936 in
437 2890 523 2937 tumuli
535 2906 654 2938 marmore
665 2906 761 2940 carmen
772 2894 825 2940 erit.

206 2960 315 3011 Praebuit
326 2963 410 3013 AEneas
423 2970 447 3015 be
458 2970 551 3016 causam
563 2970 647 3017 mortis
659 2972 684 3018 bc
694 2971 787 3020 ensem:
933 2993 942 3023 1
945 2993 976 3039 ,ς
987 2976 990 2983 “

243 3041 296 3106 ipsa
305 3041 347 3092 sua
357 3041 424 3094 Dido
437 3045 543 3097 concidit
554 3047 595 3096 usa
602 3063 683 3096 manu.

758 3125 777 3176 B
793 3130 817 3192 vj

933 2615 977 2655 190
