2367 3992
299 609 366 673 144
420 579 919 653 OvrnrrAMonuru

248 713 275 760 ¹5
295 707 361 757 Dum
380 706 485 771 loquor,
500 707 558 754 hora
569 704 631 770 fugit
640 720 733 755 :vacuae
746 705 804 754 bene
816 704 890 755 redde
903 704 1018 758 rebellat:
1049 710 1051 715 ’

327 783 418 835 Verrius
431 781 547 834 continuo
557 783 595 832 fac
607 799 687 832 tamen
699 783 742 831 iila
754 783 826 848 legat.

292 864 398 928 Aspicies
409 862 492 912 oeulos
504 859 611 921 mando,
625 861 777 926 frontemque
788 861 906 926 legentis:

325 940 345 989 E
358 943 431 990 tacito
442 938 510 990 vultu
519 939 578 986 scire
590 937 670 986 futura
685 936 749 986 licet.

287 1018 345 1069 Nec
354 1034 423 1068 mora
435 1035 440 1065 r
452 1016 576 1082 perustis,
592 1016 705 1064 rescribat
715 1014 793 1065 multa
803 1017 896 1081 jubeto.

245 1092 275 1126 ²⁰
324 1094 390 1156 Odi,
402 1095 458 1144 edrn
468 1092 514 1143 laed
527 1090 651 1157 splendida
664 1109 717 1141 cera
729 1108 808 1143 vacat.

291 1172 444 1238 Comprimar
455 1169 579 1221 ordinibus
588 1171 682 1229 versus,
694 1170 826 1236 oculosque
836 1184 947 1222 moretur

324 1252 434 1315 Margine
449 1253 474 1298 in
492 1263 599 1297 extremo
616 1247 685 1296 litera
697 1250 748 1297 rasa
759 1265 836 1297 meos.
984 1306 988 1311 Ι

290 1327 357 1390 Quid
368 1327 456 1394 digitos
467 1344 527 1393 opus
537 1326 570 1374 est
579 1327 679 1390 graphio
695 1322 778 1375 laffare
789 1324 894 1376 tenendo
906 1330 917 1376 ἰ

324 1408 377 1457 Hoc
388 1409 474 1457 habeat
483 1408 598 1470 scriptum
610 1418 661 1453 tota
669 1403 773 1464 tabella,
786 1404 858 1453 Veni.

242 1497 269 1544 ²5
288 1486 346 1538 Non
357 1503 402 1551 ego
412 1488 518 1537 vidrices
528 1483 596 1531 lauro
605 1479 717 1530 redimire
725 1480 840 1541 rrbellas,

321 1565 372 1614 Nec
388 1564 486 1612 Veneris
501 1559 581 1609 medii
590 1576 679 1623 ponere
689 1562 715 1608 in
724 1558 775 1609 aede
785 1576 874 1609 morer.

232 1643 235 1647 ’
288 1641 452 1697 Subscribam3
464 1639 551 1688 Veneri
563 1672 571 1696 ‚
585 1634 644 1684 fidas
653 1638 715 1697 sibi,
731 1636 796 1686 Naso
807 1638 925 1689 ministras

320 1717 424 1768 Dedicat
435 1737 441 1766 z
458 1733 482 1766 at
493 1733 568 1780 nuper
577 1715 625 1764 vile
636 1714 710 1763 fuistis
722 1731 784 1764 acer.
937 1713 940 1720 '

304 1818 986 1894 «πμ-ΜΞ

442 1950 696 2014 ELEGIA
736 1949 844 2012 XII.

285 2052 413 2167 Ferre
432 2131 498 2167 meos
510 2117 592 2168 casusr
605 2113 679 2162 tristes
690 2109 778 2160 rediere
794 2113 897 2164 tabellae.

317 2195 403 2243 infelix
411 2192 483 2242 hodie
494 2194 563 2242 litera'
575 2189 641 2257 poffe
650 2205 730 2254 negat.

284 2272 372 2322 Omina
385 2274 438 2322 sunt
448 2268 538 2336 aliquid
548 2289 554 2318 r
567 2268 643 2318 modd
655 2273 711 2317 crim
721 2267 841 2319 discedere
851 2269 944 2332 vellet,

315 2347 353 2398 Ad
368 2348 443 2397 limen
455 2346 543 2412 digitos
558 2349 642 2397 restitit
655 2350 713 2406 ista,
730 2347 808 2412 Nape.

253 2441 263 2486 5
282 2423 355 2478 Miffa
365 2425 428 2475 foras
440 2429 526 2474 iterum
538 2426 613 2474 limen
627 2428 724 2473 transire
737 2440 861 2476 memento

314 2502 429 2562 Cautiris3
442 2502 569 2569 aequente
582 2504 659 2552 sobria
671 2501 730 2550 ferre
741 2501 838 2566 pedem.

280 2583 315 2633 Ite
327 2585 398 2642 hine,
410 2579 533 2642 difficiles,
549 2581 657 2630 funebria
668 2580 747 2644 ligna,
759 2581 870 2631 tabellaee

311 2663 396 2727 Tuque
415 2663 533 2725 negaturis
544 2676 597 2708 cera
606 2657 693 2706 referta
702 2661 774 2707 noris.

279 2741 373 2802 Quam,
388 2753 464 2805 puto,
475 2736 504 2786 de
515 2739 592 2801 longae
604 2735 729 2787 collectam
739 2736 799 2785 flore
810 2739 894 2787 ticutae
904 2771 914 2798 ,

233 2843 260 2884 l0
310 2818 385 2868 Melle
395 2819 437 2866 sub
447 2816 532 2865 infami
541 2850 548 2875 ‚
561 2814 662 2865 Corsica
671 2817 737 2863 misit
747 2818 805 2879 apis.

277 2899 323 2956 At,
343 2911 466 2960 tunquam
478 2897 571 2952 minio,
583 2896 676 2956 penitus
690 2891 810 2943 medicata
819 2892 930 2945 rubebas·

309 2973 353 3022 lile
365 2973 433 3021 color
446 2969 499 3020 verd
511 2970 704 3034 iunguinolentus
715 2986 774 3019 erat.

276 3051 387 3114 Projedae
399 3048 474 3096 triviis
488 3048 601 3110 jaceatis,
614 3047 699 3094 inutile
709 3045 819 3111 lignum:

307 3127 405 3189 Vosque
413 3137 472 3172 rotae
485 3121 579 3186 frangat
587 3128 748 3186 pretereuntis
758 3144 828 3178 onus.

228 3238 256 3287 ,5
274 3203 348 3256 Illum
359 3203 444 3261 etiarn,
456 3200 551 3266 quivos
563 3216 591 3249 ex
602 3201 686 3252 arbore
695 3207 767 3254 vertit
776 3208 802 3254 in
813 3207 881 3258 usuro
891 3241 901 3270 ,

307 3281 459 3336 Convincam
468 3295 538 3347 puras
547 3295 599 3331 non
608 3279 715 3333 habuisse
725 3299 818 3335 manus.

888 3363 994 3416 Praebuir
