2367 3992
272 468 402 537 Lmen
431 466 500 533 III.
525 463 692 534 Eiram
724 464 788 533 VI.
826 469 891 553 189

175 589 214 644 Ne
229 608 268 640 me
277 593 374 656 sperne,
387 604 487 653 precor,
500 586 594 638 tantum
604 621 611 646 ‚
623 587 730 651 Troiana
740 581 861 652 propago:
912 592 942 645 σς

210 671 311 719 Munera
328 671 450 733 promissis
463 667 573 714 uberiora
590 665 660 713 feres.

176 749 285 800 Dixerat.
301 747 364 808 Illa,
380 745 465 796 oculos
476 748 502 794 in
512 746 615 793 humum
626 741 717 809 dejesta
730 739 866 804 modestos,

209 827 339 891 Spargebat
359 821 453 889 tepidos
471 821 557 872 flebilis
571 823 648 871 imbre
659 825 733 871 sinus.

177 905 227 956 Ter
237 903 325 953 molita
335 903 417 968 fugam
429 936 437 962 ,
455 915 489 950 ter
502 898 532 950 ad
543 900 602 950 altas
613 901 698 951 restitit
709 898 784 951 undas
790 933 800 962 ,

209 980 331 1032 Currendi
349 984 410 1030 vires
426 983 540 1044 eripiente
555 995 631 1029 metu.
690 1007 692 1010 ·

179 1063 235 1111 Sera
246 1075 327 1110 tamen
338 1057 446 1108 scindens
457 1061 558 1106 inimico
568 1057 657 1122 pollice
669 1059 775 1119 crinem,

209 1135 296 1188 Edidit
306 1134 419 1199 indignos
430 1151 471 1184 ore
482 1149 598 1184 tremente
610 1136 694 1184 sonosr

179 1216 218 1267 O!
234 1219 329 1265 utinam
343 1230 397 1262 mea
409 1212 469 1260 ledia
483 1211 563 1260 forent
573 1247 581 1271 ‚
592 1215 717 1278 patrioque
727 1212 835 1278 sepulcro

212 1291 340 1346 Condita,
351 1289 410 1339 dum
421 1304 531 1354 poterant
541 1292 640 1354 virginis
650 1287 700 1339 offa
711 1290 772 1354 legi!

180 1373 233 1426 Cur
247 1368 326 1420 modb
342 1368 443 1419 Vestalis
455 1366 526 1416 taedss
538 1371 628 1418 invitor
639 1366 670 1418 ad
685 1368 745 1420 ullas

214 1451 319 1514 Turpis,
337 1450 360 1498 δι
376 1447 454 1495 iliacis
469 1443 599 1496 inficianda
613 1446 690 1496 fotis?

181 1525 249 1589 Quid
265 1529 364 1582 motor?
380 1541 410 1572 en
427 1523 507 1589 digitis
518 1521 630 1590 designo-r
643 1523 752 1575 adultera
760 1526 837 1593 dirigi.

215 1606 286 1654 Desit
303 1604 424 1663 famosus,
443 1596 484 1668 qui
501 1618 570 1652 notet
585 1621 641 1664 ora,
658 1602 746 1669 pudor.
762 1637 767 1643 -
802 1597 805 1602 ¹

182 1684 318 1741 Hallenus3
335 1685 360 1738 δι
377 1676 467 1730 vestem
480 1679 578 1731 tumidis
596 1678 722 1747 praetendit
737 1685 837 1739 ocellist

216 1763 295 1826 Atque
311 1760 378 1808 itsse
392 1762 418 1807 in
432 1756 524 1823 rapidas
539 1757 631 1823 perdita
642 1764 708 1810 misit
719 1779 800 1828 aquas.

183 1834 335 1903 Supposuiffe
353 1853 437 1886 manus
449 1834 479 1885 ad
492 1839 587 1902 pedore
594 1838 703 1888 lubricus
716 1831 793 1890 amnis

217 1917 331 1976 Dicitur3
350 1917 444 1966 &socii
460 1918 512 1981 jura
527 1913 617 1965 dediffe
634 1921 690 1967 tori.

185 1997 222 2046 Te
236 2012 333 2062 quoque
346 1992 460 2043 credibile
473 1993 505 2041 est
523 1993 604 2058 aliqud
618 1993 713 2044 caluisse
727 1997 822 2062 puellsl;

220 2072 266 2123 Sed
283 2090 382 2123 nemora
393 2076 418 2121 δι
429 2072 493 2121 silvae
508 2075 609 2122 crimina
621 2074 695 2123 vestra
709 2090 801 2140 tegunt.

185 2152 254 2203 Dum
270 2151 358 2218 loquor
368 2186 377 2211 ,
390 2152 493 2212 increvit
503 2150 557 2200 latis
569 2153 693 2215 spatiosius
703 2153 790 2216 undis,

219 2230 272 2279 Nec
283 2224 347 2302 capit
366 2226 477 2309 adrniffps
491 2228 571 2281 alveus
588 2229 650 2279 altus
666 2248 747 2299 aquas.

187 2305 255 2368 Quid
265 2324 375 2373 mecum,
392 2307 494 2362 furiose,
512 2308 571 2356 tibi?
582 2307 642 2374 quid
654 2326 738 2362 mutua
749 2311 831 2365 differs

219 2383 332 2435 Gaudia?
344 2382 403 2450 quid
415 2399 521 2450 creptum
531 2419 539 2445 ,
555 2387 656 2447 rustice,
667 2394 757 2455 rumpis
768 2396 830 2440 iter?

189 2463 273 2526 Quid,
291 2467 310 2512 si
322 2463 458 2528 legitimum
469 2461 570 2523 flueret,
586 2468 605 2513 si
617 2467 698 2514 nobile
709 2467 817 2520 flumen?

215 2544 247 2590 ·Si
263 2543 308 2590 tibi
318 2558 359 2608 per
371 2557 442 2591 terras
459 2545 564 2590 maxima
575 2541 640 2591 fama
650 2544 733 2597 foret?

191 2621 289 2671 Nomen
305 2621 378 2681 ‚habes
389 2620 498 2677 nullum,
516 2622 572 2669 rivis
585 2620 684 2671 collecte
695 2621 808 2673 caducis:

224 2698 276 2748 Nec
292 2699 336 2747 tibi
349 2700 403 2748 sunt
415 2698 508 2758 fontes,
519 2714 563 2747 nec
580 2700 624 2747 tibi
637 2715 701 2749 certa
712 2699 808 2752 domus.

190 2777 275 2826 Fontis
288 2778 359 2826 habes
375 2777 446 2826 instar
456 2776 611 2842 pluviamque
621 2780 734 2844 nivesque
744 2780 848 2846 solutas3

225 2856 290 2917 Quas
302 2857 346 2904 tibi
358 2854 452 2906 divitias
464 2859 530 2921 pigra
539 2855 656 2906 ministrat
665 2858 750 2908 hiems.
865 2852 867 2855 ⁵

194 2936 241 2987 Aut
253 2934 384 2984 lutulentus
401 2937 450 2999 agis
464 2927 567 2983 brumali
580 2949 687 3000 tempore
699 2941 794 2992 cursus:

225 3015 274 3064 Aut
286 3013 374 3079 premis
383 3027 487 3062 arentem
499 3013 676 3078 pulverulentus
686 3017 796 3072 humum.

193 3093 254 3162 Quis
269 3108 293 3148 te
307 3107 360 3142 tum
370 3095 450 3158 potuit
458 3095 537 3142 sitiens
547 3096 640 3155 haurire
649 3097 746 3150 viator?

229 3171 288 3234 Quis
306 3171 375 3240 grati
391 3169 453 3224 dixit
468 3187 543 3235 voce,
559 3172 671 3225 Perennis
689 3177 747 3226 eas?

438 3297 510 3341 ⁴'r
