2367 3992
287 539 351 584 102
389 515 432 582 P.
465 515 642 581 Ovrorr
670 516 898 582 Nasours

302 648 984 723 ‘em-&ſtrar

432 780 848 846 EPISTOLA.XIX.

467 915 576 978 Hero
617 915 818 983 Lomunno.

285 999 377 1152 Qu
385 1089 401 1125 Α
409 1092 430 1125 u
447 1079 507 1126 mihi
517 1077 703 1137 misistiverbis,
715 1074 837 1135 manue,
850 1074 969 1136 salutem,

314 1155 350 1205 Ut
360 1160 450 1221 possim
464 1154 558 1206 millam
570 1158 638 1206 rebus
649 1156 748 1215 habere,
762 1158 826 1205 veni.

281 1231 366 1299 Longa
376 1251 446 1285 mora
453 1238 485 1286 est
492 1239 561 1287 nobis
572 1240 665 1296 omnis,
678 1252 730 1302 quae
743 1232 830 1300 gaudia
842 1230 933 1284 differt.

315 1312 354 1363 Da
362 1318 457 1365 veniam
468 1313 548 1375 fallae3
560 1332 610 1364 non
620 1316 735 1381 patienter
745 1330 811 1363 arno.

253 1397 263 1443 5
283 1391 383 1442 Urimur
395 1396 450 1459 igne
462 1397 513 1459 pari
523 1412 531 1452 3
542 1391 583 1442 sed
591 1395 643 1442 sum
655 1393 698 1441 tibi
708 1392 797 1442 viribus
805 1394 895 1455 impar:

251 1472 256 1482 “
314 1470 408 1520 fortius
422 1474 544 1536 ingenium
560 1473 665 1535 inspicor
680 1467 726 1518 effe
736 1472 803 1519 viris.

281 1547 317 1598 Ut
328 1566 412 1614 corpus
427 1553 525 1609 teneris,
537 1553 571 1599 ita
581 1565 648 1598 mens
657 1547 753 1598 infirma
764 1545 864 1613 puellis:

313 1625 431 1676 Deficiam
440 1645 448 1686 3
464 1631 530 1692 parvi
545 1630 659 1692 temporis
669 1624 730 1676 adde
740 1642 844 1674 moram.

281 1704 344 1759 Vos,
353 1703 429 1754 modi>
438 1703 548 1758 venando
557 1741 565 1766 ,
574 1703 652 1755 modo
661 1721 699 1754 rus
712 1703 804 1771 geniale
815 1700 939 1764 colendo,

236 1803 264 1833 ro
315 1782 406 1832 Ponitis
419 1785 445 1831 in
459 1784 525 1834 varii
537 1799 645 1849 tempora
655 1783 729 1848 longa
738 1781 817 1831 mori.

279 1861 329 1911 Aur
339 1862 392 1912 fora
406 1879 449 1913 vos
459 1866 578 1923 retinent,
590 1878 631 1912 aut
642 1864 716 1912 unite
731 1857 794 1910 donn
803 1858 929 1925 palaesttaee

313 1941 331 1989 F
333 1939 416 1990 letiitis
428 1957 469 1991 aut
477 1941 546 1991 freno
556 1940 620 1990 colla
629 1942 733 2006 sequacis
744 1941 808 2004 equi.

280 2019 352 2068 Nunc
366 2020 489 2069 volucrem
501 2019 605 2085 laqueo,
620 2034 683 2067 nunc
698 2017 787 2081 piscem
798 2013 884 2067 ducitis
895 2015 984 2067 hamo:
1016 2069 1018 2072 ,

262 2110 265 2118 ·
312 2097 420 2146 Diluitur
432 2101 511 2162 posito
529 2099 602 2144 serior
614 2099 672 2144 hora
681 2111 758 2144 mero.

235 2186 260 2233 15
280 2175 323 2225 His
339 2177 399 2223 mihi
418 2176 550 2233 submorae,
565 2173 604 2223 vel
618 2176 727 2221 siminus
740 2173 825 2221 acriter
841 2186 913 2231 urar,

313 2250 387 2312 Quod
399 2251 501 2310 faciam,
516 2251 633 2315 superest,
644 2265 729 2315 ptaeter
740 2266 835 2305 amare,
849 2246 922 2298 nihil.

280 2327 354 2392 Quod
366 2330 480 2394 superest,
493 2329 556 2377 facio
565 2347 571 2376 ε
581 2343 666 2394 teque,
678 2326 694 2376 ὃ
704 2344 758 2376 mea
766 2326 817 2373 sola
827 2325 957 2390 voluptas,

311 2409 366 2457 Plus
378 2424 487 2474 quoque,
500 2405 574 2474 quim
588 2403 656 2455 reddi
667 2403 733 2472 quod
743 2408 802 2454 mihi
812 2407 901 2470 possit,
914 2422 980 2456 amo.

279 2487 327 2536 Aut
337 2503 382 2552 ego
390 2504 446 2536 cum
455 2503 508 2536 cara
520 2484 549 2536 de
561 2500 583 2535 te
591 2487 683 2538 nutrice
693 2486 785 2533 susurro
798 2501 806 2542 3
1025 2486 1031 2496 ‘

232 2584 261 2616 :o
312 2565 418 2632 Quaeque
429 2582 512 2623 tuum,
529 2566 622 2623 miror,
636 2565 705 2613 ceusu
714 2578 821 2613 moretur
829 2566 883 2613 iter.

278 2644 327 2694 Aur
340 2662 405 2694 mare
416 2647 573 2711 prospiciens,
585 2641 671 2694 odioso
682 2645 777 2692 concita
791 2655 865 2697 vento

311 2723 424 2790 Corripio
434 2726 511 2775 verbis
521 2740 617 2790 aequora
625 2740 690 2788 paene
702 2725 760 2772 tuist

277 2800 326 2850 Aut
341 2805 381 2851 ubi
394 2806 488 2852 saevitiae
498 2802 597 2868 paulum
605 2805 681 2867 gravis
690 2799 754 2851 unda
762 2800 870 2859 remisit,

311 2877 379 2928 Poffe
393 2878 506 2945 quidem,
521 2879 562 2928 sed
577 2895 599 2928 te
611 2880 676 2928 nolle
686 2882 781 2938 uenire,
793 2895 893 2946 queror:

230 2966 257 3014 25
277 2955 391 3021 Dumque
398 2973 499 3020 queror,
511 2956 622 3018 lacrymae
629 2958 778 3021 peramantia
786 2959 997 3017 luminarunnnnt,

294 3080 298 3092 ,
311 3033 401 3082 Pollice
414 3049 471 3098 quar
484 3034 587 3083 tremulo
600 3035 694 3083 conscia
705 3037 777 3085 siccat
785 3052 851 3084 anus.

278 3112 343 3175 Saepe
355 3113 406 3168 rui,
420 3112 515 3175 spello,
528 3115 546 3160 si
557 3115 604 3161 sint
616 3115 641 3161 in
653 3113 722 3162 litore
732 3110 821 3178 pallus:
842 3171 848 3183 ι

311 3189 435 3256 impositas
447 3205 570 3259 tamquam
581 3193 657 3245 servet
665 3208 818 3244 arenanotut.
