<?xml version="1.0" encoding="UTF-8"?>
<!DOCTYPE html PUBLIC "-//W3C//DTD XHTML 1.0 Transitional//EN"
    "http://www.w3.org/TR/xhtml1/DTD/xhtml1-transitional.dtd">
<html xmlns="http://www.w3.org/1999/xhtml" xml:lang="en" lang="en">
 <head>
  <title>
</title>
<meta http-equiv="Content-Type" content="text/html;charset=utf-8" />
  <meta name='ocr-system' content='tesseract 3.04.00' />
  <meta name='ocr-capabilities' content='ocr_page ocr_carea ocr_par ocr_line ocrx_word'/>
</head>
<body>
  <div class='ocr_page' id='page_1' title='image "./povidiinasoniso03ovidgoog_0285.png"; bbox 0 0 2367 3992; ppageno 0'>
   <div class='ocr_carea' id='block_1_1' title="bbox 231 481 919 571">
    <p class='ocr_par' dir='ltr' id='par_1_1' title="bbox 231 481 919 571">
     <span class='ocr_line' id='line_1_1' title="bbox 231 481 919 571; baseline 0 -17"><span class='ocrx_word' id='word_1_1' title='bbox 231 483 419 557; x_wconf 66' lang='lat' dir='ltr'>niz-Aure</span> <span class='ocrx_word' id='word_1_2' title='bbox 435 481 680 554; x_wconf 79' lang='lat' dir='ltr'><em>AMAuan</em></span> <span class='ocrx_word' id='word_1_3' title='bbox 703 486 773 552; x_wconf 89' lang='lat' dir='ltr'><em>III.</em></span> <span class='ocrx_word' id='word_1_4' title='bbox 801 488 876 571; x_wconf 59' lang='lat'><em>2¹62</em></span> <span class='ocrx_word' id='word_1_5' title='bbox 915 501 919 507; x_wconf 86' lang='lat'>·</span> 
     </span>
    </p>
   </div>
   <div class='ocr_carea' id='block_1_2' title="bbox 155 605 927 3169">
    <p class='ocr_par' dir='ltr' id='par_1_2' title="bbox 155 605 927 3169">
     <span class='ocr_line' id='line_1_2' title="bbox 191 605 927 674; baseline 0.005 -20"><span class='ocrx_word' id='word_1_6' title='bbox 191 605 302 672; x_wconf 87' lang='lat' dir='ltr'>Inspicite</span> <span class='ocrx_word' id='word_1_7' title='bbox 313 626 320 657; x_wconf 73' lang='grc' dir='ltr'><strong>ε</strong></span> <span class='ocrx_word' id='word_1_8' title='bbox 330 612 355 658; x_wconf 75' lang='grc' dir='ltr'>δι</span> <span class='ocrx_word' id='word_1_9' title='bbox 367 623 432 657; x_wconf 88' lang='lat' dir='ltr'>certo</span> <span class='ocrx_word' id='word_1_10' title='bbox 443 611 526 672; x_wconf 83' lang='lat' dir='ltr'><strong>ponite</strong></span> <span class='ocrx_word' id='word_1_11' title='bbox 537 622 657 674; x_wconf 76' lang='lat' dir='ltr'>quemque</span> <span class='ocrx_word' id='word_1_12' title='bbox 667 605 734 656; x_wconf 87' lang='lat' dir='ltr'><strong>loco.</strong></span> <span class='ocrx_word' id='word_1_13' title='bbox 883 615 893 661; x_wconf 91' lang='lat'><em>5</em></span> <span class='ocrx_word' id='word_1_14' title='bbox 899 614 927 658; x_wconf 75' lang='lat'>30</span> 
     </span>
     <span class='ocr_line' id='line_1_3' title="bbox 161 681 927 751; baseline 0.001 -19"><span class='ocrx_word' id='word_1_15' title='bbox 161 682 262 735; x_wconf 81' lang='lat' dir='ltr'>Munera</span> <span class='ocrx_word' id='word_1_16' title='bbox 272 684 312 735; x_wconf 91' lang='lat' dir='ltr'>det</span> <span class='ocrx_word' id='word_1_17' title='bbox 327 685 393 736; x_wconf 86' lang='lat' dir='ltr'>dives</span> <span class='ocrx_word' id='word_1_18' title='bbox 405 704 411 734; x_wconf 79' lang='lat' dir='ltr'>r</span> <span class='ocrx_word' id='word_1_19' title='bbox 422 690 458 750; x_wconf 88' lang='lat' dir='ltr'>jus</span> <span class='ocrx_word' id='word_1_20' title='bbox 469 689 511 751; x_wconf 88' lang='lat' dir='ltr'>qui</span> <span class='ocrx_word' id='word_1_21' title='bbox 521 684 673 750; x_wconf 82' lang='lat' dir='ltr'>profitebitur</span> <span class='ocrx_word' id='word_1_22' title='bbox 683 719 691 744; x_wconf 95' lang='lat'>,</span> <span class='ocrx_word' id='word_1_23' title='bbox 703 681 781 733; x_wconf 74' lang='lat' dir='ltr'>adsies</span> <span class='ocrx_word' id='word_1_24' title='bbox 876 692 878 696; x_wconf 88' lang='lat'>&#39;</span> <span class='ocrx_word' id='word_1_25' title='bbox 923 702 927 717; x_wconf 65' lang='lat'>*</span> 
     </span>
     <span class='ocr_line' id='line_1_4' title="bbox 192 758 690 829; baseline -0.002 -18"><span class='ocrx_word' id='word_1_26' title='bbox 192 762 316 813; x_wconf 80' lang='lat' dir='ltr'>Facundus</span> <span class='ocrx_word' id='word_1_27' title='bbox 332 758 426 813; x_wconf 83' lang='lat' dir='ltr'>causam</span> <span class='ocrx_word' id='word_1_28' title='bbox 442 766 503 829; x_wconf 80' lang='lat' dir='ltr'>saepe</span> <span class='ocrx_word' id='word_1_29' title='bbox 518 764 612 813; x_wconf 85' lang='lat' dir='ltr'>clientis</span> <span class='ocrx_word' id='word_1_30' title='bbox 627 778 690 828; x_wconf 79' lang='lat' dir='ltr'>agar.</span> 
     </span>
     <span class='ocr_line' id='line_1_5' title="bbox 161 837 838 907; baseline 0.003 -17"><span class='ocrx_word' id='word_1_31' title='bbox 161 837 275 890; x_wconf 80' lang='lat' dir='ltr'>Carmina</span> <span class='ocrx_word' id='word_1_32' title='bbox 286 844 327 907; x_wconf 86' lang='lat' dir='ltr'>qui</span> <span class='ocrx_word' id='word_1_33' title='bbox 342 841 456 897; x_wconf 83' lang='lat' dir='ltr'>facimus,</span> <span class='ocrx_word' id='word_1_34' title='bbox 473 845 598 891; x_wconf 85' lang='lat' dir='ltr'>mittamus</span> <span class='ocrx_word' id='word_1_35' title='bbox 609 844 716 890; x_wconf 81' lang='lat' dir='ltr'>carmina</span> <span class='ocrx_word' id='word_1_36' title='bbox 726 841 838 892; x_wconf 70' lang='lat' dir='ltr'>tantuma</span> 
     </span>
     <span class='ocr_line' id='line_1_6' title="bbox 191 917 741 985; baseline 0.004 -19"><span class='ocrx_word' id='word_1_37' title='bbox 191 917 238 967; x_wconf 88' lang='lat' dir='ltr'>Hic</span> <span class='ocrx_word' id='word_1_38' title='bbox 250 921 335 968; x_wconf 86' lang='lat' dir='ltr'>chorus</span> <span class='ocrx_word' id='word_1_39' title='bbox 345 936 399 969; x_wconf 87' lang='lat' dir='ltr'>anre</span> <span class='ocrx_word' id='word_1_40' title='bbox 410 920 470 969; x_wconf 84' lang='lat' dir='ltr'>alios</span> <span class='ocrx_word' id='word_1_41' title='bbox 482 935 550 985; x_wconf 89' lang='lat' dir='ltr'>aprus</span> <span class='ocrx_word' id='word_1_42' title='bbox 561 936 640 968; x_wconf 84' lang='lat' dir='ltr'>amare</span> <span class='ocrx_word' id='word_1_43' title='bbox 651 922 741 969; x_wconf 89' lang='lat' dir='ltr'>sumus.</span> 
     </span>
     <span class='ocr_line' id='line_1_7' title="bbox 159 991 733 1063; baseline 0.002 -18"><span class='ocrx_word' id='word_1_44' title='bbox 159 991 210 1045; x_wconf 89' lang='lat' dir='ltr'>Nos</span> <span class='ocrx_word' id='word_1_45' title='bbox 227 996 328 1046; x_wconf 76' lang='lat' dir='ltr'>iacimus</span> <span class='ocrx_word' id='word_1_46' title='bbox 342 998 436 1063; x_wconf 71' lang='lat' dir='ltr'>placita</span> <span class='ocrx_word' id='word_1_47' title='bbox 452 996 499 1046; x_wconf 71' lang='lat' dir='ltr'>late</span> <span class='ocrx_word' id='word_1_48' title='bbox 510 1001 629 1063; x_wconf 69' lang='lat' dir='ltr'>praeconia</span> <span class='ocrx_word' id='word_1_49' title='bbox 639 997 733 1046; x_wconf 76' lang='lat' dir='ltr'>formae.</span> 
     </span>
     <span class='ocr_line' id='line_1_8' title="bbox 189 1073 821 1138; baseline 0.005 -16"><span class='ocrx_word' id='word_1_50' title='bbox 189 1073 288 1124; x_wconf 90' lang='lat' dir='ltr'>Nomen</span> <span class='ocrx_word' id='word_1_51' title='bbox 295 1077 367 1125; x_wconf 85' lang='lat' dir='ltr'>habet</span> <span class='ocrx_word' id='word_1_52' title='bbox 377 1075 486 1124; x_wconf 80' lang='lat' dir='ltr'>Nemesis</span> <span class='ocrx_word' id='word_1_53' title='bbox 498 1095 505 1123; x_wconf 75' lang='lat' dir='ltr'>r</span> <span class='ocrx_word' id='word_1_54' title='bbox 518 1075 628 1138; x_wconf 84' lang='lat' dir='ltr'>Cynthia</span> <span class='ocrx_word' id='word_1_55' title='bbox 640 1091 730 1124; x_wconf 88' lang='lat' dir='ltr'>nomen</span> <span class='ocrx_word' id='word_1_56' title='bbox 740 1075 821 1125; x_wconf 78' lang='lat' dir='ltr'>habet.</span> 
     </span>
     <span class='ocr_line' id='line_1_9' title="bbox 157 1152 680 1218; baseline -0.004 -16"><span class='ocrx_word' id='word_1_57' title='bbox 157 1153 247 1218; x_wconf 80' lang='lat' dir='ltr'>Vesper</span> <span class='ocrx_word' id='word_1_58' title='bbox 260 1158 284 1203; x_wconf 73' lang='grc' dir='ltr'>δι</span> <span class='ocrx_word' id='word_1_59' title='bbox 301 1154 356 1203; x_wconf 80' lang='lat' dir='ltr'>an</span> <span class='ocrx_word' id='word_1_60' title='bbox 365 1170 453 1202; x_wconf 87' lang='lat' dir='ltr'>novere</span> <span class='ocrx_word' id='word_1_61' title='bbox 467 1152 588 1215; x_wconf 78' lang='lat' dir='ltr'>Lycorida</span> <span class='ocrx_word' id='word_1_62' title='bbox 598 1168 680 1201; x_wconf 80' lang='lat' dir='ltr'>terraer</span> 
     </span>
     <span class='ocr_line' id='line_1_10' title="bbox 188 1230 792 1296; baseline -0.002 -14"><span class='ocrx_word' id='word_1_63' title='bbox 188 1233 220 1282; x_wconf 85' lang='lat' dir='ltr'>Et</span> <span class='ocrx_word' id='word_1_64' title='bbox 232 1232 325 1296; x_wconf 78' lang='lat' dir='ltr'>multi,</span> <span class='ocrx_word' id='word_1_65' title='bbox 343 1233 440 1296; x_wconf 82' lang='lat' dir='ltr'>quaesit</span> <span class='ocrx_word' id='word_1_66' title='bbox 456 1230 535 1279; x_wconf 86' lang='lat' dir='ltr'>nostra</span> <span class='ocrx_word' id='word_1_67' title='bbox 551 1230 678 1288; x_wconf 81' lang='lat' dir='ltr'>Corinna,</span> <span class='ocrx_word' id='word_1_68' title='bbox 694 1239 792 1295; x_wconf 79' lang='lat' dir='ltr'>rogant.</span> 
     </span>
     <span class='ocr_line' id='line_1_11' title="bbox 156 1307 756 1375; baseline -0.008 -15"><span class='ocrx_word' id='word_1_69' title='bbox 156 1309 224 1361; x_wconf 78' lang='lat' dir='ltr'>Adde</span> <span class='ocrx_word' id='word_1_70' title='bbox 236 1345 245 1369; x_wconf 92' lang='lat'>‚</span> <span class='ocrx_word' id='word_1_71' title='bbox 266 1307 334 1375; x_wconf 90' lang='lat' dir='ltr'>quod</span> <span class='ocrx_word' id='word_1_72' title='bbox 344 1307 436 1357; x_wconf 62' lang='lat' dir='ltr'>insidit</span> <span class='ocrx_word' id='word_1_73' title='bbox 446 1310 514 1357; x_wconf 85' lang='lat' dir='ltr'>sacris</span> <span class='ocrx_word' id='word_1_74' title='bbox 525 1324 539 1356; x_wconf 87' lang='lat' dir='ltr'>a</span> <span class='ocrx_word' id='word_1_75' title='bbox 549 1309 643 1358; x_wconf 86' lang='lat' dir='ltr'>vatibus</span> <span class='ocrx_word' id='word_1_76' title='bbox 654 1308 740 1357; x_wconf 81' lang='lat' dir='ltr'>absunt</span> <span class='ocrx_word' id='word_1_77' title='bbox 749 1326 756 1355; x_wconf 84' lang='lat' dir='ltr'>e</span> 
     </span>
     <span class='ocr_line' id='line_1_12' title="bbox 187 1385 750 1452; baseline -0.004 -16"><span class='ocrx_word' id='word_1_78' title='bbox 187 1389 220 1438; x_wconf 88' lang='lat' dir='ltr'>Et</span> <span class='ocrx_word' id='word_1_79' title='bbox 233 1387 294 1437; x_wconf 86' lang='lat' dir='ltr'>facit</span> <span class='ocrx_word' id='word_1_80' title='bbox 304 1385 335 1436; x_wconf 84' lang='lat' dir='ltr'>ad</span> <span class='ocrx_word' id='word_1_81' title='bbox 351 1403 429 1436; x_wconf 86' lang='lat' dir='ltr'>mores</span> <span class='ocrx_word' id='word_1_82' title='bbox 441 1403 477 1435; x_wconf 83' lang='lat' dir='ltr'>ars</span> <span class='ocrx_word' id='word_1_83' title='bbox 488 1402 585 1452; x_wconf 89' lang='lat' dir='ltr'>quoque</span> <span class='ocrx_word' id='word_1_84' title='bbox 597 1387 675 1435; x_wconf 87' lang='lat' dir='ltr'>nostra</span> <span class='ocrx_word' id='word_1_85' title='bbox 687 1387 750 1434; x_wconf 87' lang='lat' dir='ltr'>suos.</span> 
     </span>
     <span class='ocr_line' id='line_1_13' title="bbox 157 1462 805 1530; baseline -0.003 -14"><span class='ocrx_word' id='word_1_86' title='bbox 157 1463 209 1516; x_wconf 84' lang='lat' dir='ltr'>Nec</span> <span class='ocrx_word' id='word_1_87' title='bbox 219 1483 264 1515; x_wconf 89' lang='lat' dir='ltr'>nos</span> <span class='ocrx_word' id='word_1_88' title='bbox 275 1468 393 1519; x_wconf 85' lang='lat' dir='ltr'>ambitio,</span> <span class='ocrx_word' id='word_1_89' title='bbox 407 1480 450 1513; x_wconf 90' lang='lat' dir='ltr'>nec</span> <span class='ocrx_word' id='word_1_90' title='bbox 459 1481 527 1513; x_wconf 85' lang='lat' dir='ltr'>amor</span> <span class='ocrx_word' id='word_1_91' title='bbox 537 1481 581 1513; x_wconf 90' lang='lat' dir='ltr'>nos</span> <span class='ocrx_word' id='word_1_92' title='bbox 592 1468 670 1530; x_wconf 79' lang='lat' dir='ltr'>tangit</span> <span class='ocrx_word' id='word_1_93' title='bbox 685 1462 805 1514; x_wconf 73' lang='lat' dir='ltr'>habendis</span> 
     </span>
     <span class='ocr_line' id='line_1_14' title="bbox 188 1542 810 1608; baseline -0.005 -13"><span class='ocrx_word' id='word_1_94' title='bbox 188 1544 326 1601; x_wconf 83' lang='lat' dir='ltr'>Contemto</span> <span class='ocrx_word' id='word_1_95' title='bbox 343 1544 431 1591; x_wconf 83' lang='lat' dir='ltr'>colitur</span> <span class='ocrx_word' id='word_1_96' title='bbox 450 1542 554 1592; x_wconf 68' lang='lat' dir='ltr'>leiius&amp;</span> <span class='ocrx_word' id='word_1_97' title='bbox 567 1544 652 1591; x_wconf 85' lang='lat' dir='ltr'>umbra</span> <span class='ocrx_word' id='word_1_98' title='bbox 664 1542 730 1592; x_wconf 86' lang='lat' dir='ltr'>foro.</span> <span class='ocrx_word' id='word_1_99' title='bbox 808 1602 810 1608; x_wconf 32' lang='grc' dir='ltr'>Ι</span> 
     </span>
     <span class='ocr_line' id='line_1_15' title="bbox 155 1618 875 1686; baseline 0.001 -15"><span class='ocrx_word' id='word_1_100' title='bbox 155 1620 202 1671; x_wconf 82' lang='lat' dir='ltr'>Sed</span> <span class='ocrx_word' id='word_1_101' title='bbox 218 1619 288 1669; x_wconf 74' lang='lat' dir='ltr'>facili</span> <span class='ocrx_word' id='word_1_102' title='bbox 298 1623 432 1680; x_wconf 70' lang='lat' dir='ltr'>haeremus,</span> <span class='ocrx_word' id='word_1_103' title='bbox 449 1618 579 1686; x_wconf 84' lang='lat' dir='ltr'>validoque</span> <span class='ocrx_word' id='word_1_104' title='bbox 592 1624 729 1686; x_wconf 83' lang='lat' dir='ltr'>perurimur</span> <span class='ocrx_word' id='word_1_105' title='bbox 738 1621 813 1682; x_wconf 66' lang='lat' dir='ltr'>estur</span> <span class='ocrx_word' id='word_1_106' title='bbox 871 1652 875 1661; x_wconf 80' lang='lat'><em>=</em></span> 
     </span>
     <span class='ocr_line' id='line_1_16' title="bbox 190 1697 674 1748; baseline 0 -1"><span class='ocrx_word' id='word_1_107' title='bbox 190 1699 221 1748; x_wconf 88' lang='lat' dir='ltr'>Et</span> <span class='ocrx_word' id='word_1_108' title='bbox 238 1698 341 1747; x_wconf 77' lang='lat' dir='ltr'>nimium</span> <span class='ocrx_word' id='word_1_109' title='bbox 352 1698 417 1747; x_wconf 72' lang='lat' dir='ltr'>certi</span> <span class='ocrx_word' id='word_1_110' title='bbox 427 1700 515 1746; x_wconf 88' lang='lat' dir='ltr'>scimus</span> <span class='ocrx_word' id='word_1_111' title='bbox 525 1715 605 1746; x_wconf 83' lang='lat' dir='ltr'>amare</span> <span class='ocrx_word' id='word_1_112' title='bbox 616 1697 674 1747; x_wconf 84' lang='lat' dir='ltr'>fide.</span> 
     </span>
     <span class='ocr_line' id='line_1_17' title="bbox 156 1774 755 1840; baseline 0.002 -14"><span class='ocrx_word' id='word_1_113' title='bbox 156 1776 255 1826; x_wconf 79' lang='lat' dir='ltr'>Scilicet</span> <span class='ocrx_word' id='word_1_114' title='bbox 268 1779 392 1840; x_wconf 84' lang='lat' dir='ltr'>ingenium</span> <span class='ocrx_word' id='word_1_115' title='bbox 402 1774 498 1839; x_wconf 73' lang='lat' dir='ltr'>placidi</span> <span class='ocrx_word' id='word_1_116' title='bbox 510 1775 636 1823; x_wconf 89' lang='lat' dir='ltr'>mollimur</span> <span class='ocrx_word' id='word_1_117' title='bbox 647 1778 677 1824; x_wconf 88' lang='lat' dir='ltr'>ab</span> <span class='ocrx_word' id='word_1_118' title='bbox 690 1791 755 1827; x_wconf 77' lang='lat' dir='ltr'>artes</span> 
     </span>
     <span class='ocr_line' id='line_1_18' title="bbox 188 1852 685 1904; baseline -0.002 -1"><span class='ocrx_word' id='word_1_119' title='bbox 188 1854 221 1904; x_wconf 85' lang='lat' dir='ltr'>Et</span> <span class='ocrx_word' id='word_1_120' title='bbox 238 1852 316 1903; x_wconf 89' lang='lat' dir='ltr'>studio</span> <span class='ocrx_word' id='word_1_121' title='bbox 335 1870 413 1902; x_wconf 89' lang='lat' dir='ltr'>mores</span> <span class='ocrx_word' id='word_1_122' title='bbox 431 1855 601 1901; x_wconf 86' lang='lat' dir='ltr'>convenienter</span> <span class='ocrx_word' id='word_1_123' title='bbox 618 1868 685 1902; x_wconf 87' lang='lat' dir='ltr'>eunt.</span> 
     </span>
     <span class='ocr_line' id='line_1_19' title="bbox 156 1930 668 1995; baseline -0.008 -12"><span class='ocrx_word' id='word_1_124' title='bbox 156 1932 259 1983; x_wconf 78' lang='lat' dir='ltr'>Vatibus</span> <span class='ocrx_word' id='word_1_125' title='bbox 276 1935 359 1981; x_wconf 79' lang='lat' dir='ltr'>Aoniis</span> <span class='ocrx_word' id='word_1_126' title='bbox 370 1931 452 1980; x_wconf 78' lang='lat' dir='ltr'>faciles</span> <span class='ocrx_word' id='word_1_127' title='bbox 465 1930 553 1989; x_wconf 85' lang='lat' dir='ltr'>estote,</span> <span class='ocrx_word' id='word_1_128' title='bbox 572 1930 668 1995; x_wconf 78' lang='lat' dir='ltr'>puellae.</span> 
     </span>
     <span class='ocr_line' id='line_1_20' title="bbox 190 2008 714 2075; baseline -0.004 -15"><span class='ocrx_word' id='word_1_129' title='bbox 190 2011 289 2061; x_wconf 88' lang='lat' dir='ltr'>Numen</span> <span class='ocrx_word' id='word_1_130' title='bbox 302 2011 361 2059; x_wconf 90' lang='lat' dir='ltr'>inest</span> <span class='ocrx_word' id='word_1_131' title='bbox 377 2009 443 2069; x_wconf 88' lang='lat' dir='ltr'>illis,</span> <span class='ocrx_word' id='word_1_132' title='bbox 461 2008 612 2075; x_wconf 76' lang='lat' dir='ltr'>Pieridesque</span> <span class='ocrx_word' id='word_1_133' title='bbox 624 2009 714 2059; x_wconf 54' lang='lat' dir='ltr'>favente</span> 
     </span>
     <span class='ocr_line' id='line_1_21' title="bbox 157 2087 757 2148; baseline -0.002 -11"><span class='ocrx_word' id='word_1_134' title='bbox 157 2088 197 2137; x_wconf 85' lang='lat' dir='ltr'>Est</span> <span class='ocrx_word' id='word_1_135' title='bbox 213 2089 280 2137; x_wconf 90' lang='lat' dir='ltr'>Deus</span> <span class='ocrx_word' id='word_1_136' title='bbox 290 2092 316 2137; x_wconf 90' lang='lat' dir='ltr'>iu</span> <span class='ocrx_word' id='word_1_137' title='bbox 325 2091 408 2148; x_wconf 79' lang='lat' dir='ltr'>nobis3</span> <span class='ocrx_word' id='word_1_138' title='bbox 421 2092 446 2138; x_wconf 87' lang='lat'>&amp;</span> <span class='ocrx_word' id='word_1_139' title='bbox 461 2089 515 2137; x_wconf 84' lang='lat' dir='ltr'>suns</span> <span class='ocrx_word' id='word_1_140' title='bbox 528 2090 674 2138; x_wconf 85' lang='lat' dir='ltr'>commercia</span> <span class='ocrx_word' id='word_1_141' title='bbox 683 2087 757 2138; x_wconf 75' lang='lat' dir='ltr'>coeiia</span> 
     </span>
     <span class='ocr_line' id='line_1_22' title="bbox 189 2164 655 2231; baseline 0.002 -16"><span class='ocrx_word' id='word_1_142' title='bbox 189 2164 290 2215; x_wconf 83' lang='lat' dir='ltr'>Sedibus</span> <span class='ocrx_word' id='word_1_143' title='bbox 305 2168 407 2215; x_wconf 87' lang='lat' dir='ltr'>aetheriis</span> <span class='ocrx_word' id='word_1_144' title='bbox 418 2168 513 2231; x_wconf 84' lang='lat' dir='ltr'>spiritus</span> <span class='ocrx_word' id='word_1_145' title='bbox 525 2165 567 2214; x_wconf 88' lang='lat' dir='ltr'>ille</span> <span class='ocrx_word' id='word_1_146' title='bbox 579 2170 655 2216; x_wconf 86' lang='lat' dir='ltr'>venit.</span> 
     </span>
     <span class='ocr_line' id='line_1_23' title="bbox 155 2240 715 2310; baseline 0.007 -18"><span class='ocrx_word' id='word_1_147' title='bbox 155 2242 178 2292; x_wconf 75' lang='lat' dir='ltr'>A</span> <span class='ocrx_word' id='word_1_148' title='bbox 190 2240 267 2292; x_wconf 68' lang='lat' dir='ltr'>duciis</span> <span class='ocrx_word' id='word_1_149' title='bbox 280 2247 382 2308; x_wconf 86' lang='lat' dir='ltr'>pretium</span> <span class='ocrx_word' id='word_1_150' title='bbox 394 2243 468 2293; x_wconf 88' lang='lat' dir='ltr'>scelus</span> <span class='ocrx_word' id='word_1_151' title='bbox 480 2244 512 2292; x_wconf 88' lang='lat' dir='ltr'>est</span> <span class='ocrx_word' id='word_1_152' title='bbox 522 2245 613 2309; x_wconf 84' lang='lat' dir='ltr'>sperare</span> <span class='ocrx_word' id='word_1_153' title='bbox 628 2248 715 2310; x_wconf 82' lang='lat' dir='ltr'>po&#39;e&#39;tis.</span> 
     </span>
     <span class='ocr_line' id='line_1_24' title="bbox 190 2322 801 2388; baseline 0.008 -18"><span class='ocrx_word' id='word_1_154' title='bbox 190 2322 233 2370; x_wconf 89' lang='lat' dir='ltr'>Me</span> <span class='ocrx_word' id='word_1_155' title='bbox 248 2323 380 2371; x_wconf 84' lang='lat' dir='ltr'>miserum!</span> <span class='ocrx_word' id='word_1_156' title='bbox 400 2323 475 2371; x_wconf 84' lang='lat' dir='ltr'>scelus</span> <span class='ocrx_word' id='word_1_157' title='bbox 489 2325 535 2371; x_wconf 86' lang='lat' dir='ltr'>boc</span> <span class='ocrx_word' id='word_1_158' title='bbox 548 2322 616 2372; x_wconf 90' lang='lat' dir='ltr'>nulla</span> <span class='ocrx_word' id='word_1_159' title='bbox 630 2324 711 2388; x_wconf 86' lang='lat' dir='ltr'>puella</span> <span class='ocrx_word' id='word_1_160' title='bbox 722 2326 801 2375; x_wconf 72' lang='lat' dir='ltr'>timet·</span> 
     </span>
     <span class='ocr_line' id='line_1_25' title="bbox 157 2399 771 2469; baseline 0.007 -21"><span class='ocrx_word' id='word_1_161' title='bbox 157 2399 314 2449; x_wconf 82' lang='lat' dir='ltr'>Dissimulate</span> <span class='ocrx_word' id='word_1_162' title='bbox 328 2400 428 2459; x_wconf 76' lang='lat' dir='ltr'>samen,</span> <span class='ocrx_word' id='word_1_163' title='bbox 440 2417 484 2449; x_wconf 88' lang='lat' dir='ltr'>nec</span> <span class='ocrx_word' id='word_1_164' title='bbox 494 2401 573 2465; x_wconf 74' lang='lat' dir='ltr'>primi</span> <span class='ocrx_word' id='word_1_165' title='bbox 584 2402 666 2450; x_wconf 87' lang='lat' dir='ltr'>fronte</span> <span class='ocrx_word' id='word_1_166' title='bbox 675 2419 771 2469; x_wconf 81' lang='lat' dir='ltr'>rapaces</span> 
     </span>
     <span class='ocr_line' id='line_1_26' title="bbox 190 2472 722 2538; baseline 0.006 -12"><span class='ocrx_word' id='word_1_167' title='bbox 190 2477 257 2526; x_wconf 80' lang='lat' dir='ltr'>Este:</span> <span class='ocrx_word' id='word_1_168' title='bbox 268 2494 358 2536; x_wconf 88' lang='lat' dir='ltr'>novus,</span> <span class='ocrx_word' id='word_1_169' title='bbox 373 2480 424 2528; x_wconf 85' lang='lat' dir='ltr'>viso</span> <span class='ocrx_word' id='word_1_170' title='bbox 436 2472 497 2527; x_wconf 75' lang='lat' dir='ltr'>caise</span> <span class='ocrx_word' id='word_1_171' title='bbox 511 2507 519 2538; x_wconf 76' lang='grc'><em>,</em></span> <span class='ocrx_word' id='word_1_172' title='bbox 530 2479 620 2527; x_wconf 87' lang='lat' dir='ltr'>resistet</span> <span class='ocrx_word' id='word_1_173' title='bbox 630 2496 722 2529; x_wconf 83' lang='lat' dir='ltr'>amans.</span> 
     </span>
     <span class='ocr_line' id='line_1_27' title="bbox 158 2555 923 2622; baseline 0.003 -16"><span class='ocrx_word' id='word_1_174' title='bbox 158 2555 203 2606; x_wconf 80' lang='lat' dir='ltr'>Sed</span> <span class='ocrx_word' id='word_1_175' title='bbox 214 2573 291 2621; x_wconf 89' lang='lat' dir='ltr'>neque</span> <span class='ocrx_word' id='word_1_176' title='bbox 300 2559 380 2604; x_wconf 72' lang='lat' dir='ltr'>vestor</span> <span class='ocrx_word' id='word_1_177' title='bbox 391 2572 495 2620; x_wconf 89' lang='lat' dir='ltr'>equum,</span> <span class='ocrx_word' id='word_1_178' title='bbox 507 2559 549 2620; x_wconf 85' lang='lat' dir='ltr'>qui</span> <span class='ocrx_word' id='word_1_179' title='bbox 557 2572 633 2620; x_wconf 86' lang='lat' dir='ltr'>nuper</span> <span class='ocrx_word' id='word_1_180' title='bbox 641 2558 713 2606; x_wconf 89' lang='lat' dir='ltr'>sensit</span> <span class='ocrx_word' id='word_1_181' title='bbox 723 2559 841 2615; x_wconf 78' lang='lat' dir='ltr'>habenas,</span> <span class='ocrx_word' id='word_1_182' title='bbox 865 2564 868 2568; x_wconf 89' lang='grc'><strong>’</strong></span> <span class='ocrx_word' id='word_1_183' title='bbox 881 2578 923 2622; x_wconf 81' lang='lat'>555</span> 
     </span>
     <span class='ocr_line' id='line_1_28' title="bbox 190 2631 713 2699; baseline -0.006 -14"><span class='ocrx_word' id='word_1_184' title='bbox 190 2634 353 2699; x_wconf 82' lang='lat' dir='ltr'>Comparibus</span> <span class='ocrx_word' id='word_1_185' title='bbox 364 2633 452 2690; x_wconf 88' lang='lat' dir='ltr'>frenis,</span> <span class='ocrx_word' id='word_1_186' title='bbox 464 2631 628 2698; x_wconf 81' lang='lat' dir='ltr'>artificemque</span> <span class='ocrx_word' id='word_1_187' title='bbox 639 2648 713 2698; x_wconf 70' lang='lat' dir='ltr'>reget·</span> 
     </span>
     <span class='ocr_line' id='line_1_29' title="bbox 159 2708 823 2777; baseline -0.003 -12"><span class='ocrx_word' id='word_1_188' title='bbox 159 2713 209 2765; x_wconf 84' lang='lat' dir='ltr'>Nec</span> <span class='ocrx_word' id='word_1_189' title='bbox 222 2713 317 2762; x_wconf 85' lang='lat' dir='ltr'>stabiles</span> <span class='ocrx_word' id='word_1_190' title='bbox 335 2714 401 2759; x_wconf 86' lang='lat' dir='ltr'>anuis</span> <span class='ocrx_word' id='word_1_191' title='bbox 412 2714 522 2769; x_wconf 89' lang='lat' dir='ltr'>animos,</span> <span class='ocrx_word' id='word_1_192' title='bbox 538 2708 688 2776; x_wconf 81' lang='lat' dir='ltr'>viridemque</span> <span class='ocrx_word' id='word_1_193' title='bbox 698 2715 823 2777; x_wconf 82' lang='lat' dir='ltr'>juventam</span> 
     </span>
     <span class='ocr_line' id='line_1_30' title="bbox 190 2787 679 2855; baseline -0.006 -14"><span class='ocrx_word' id='word_1_194' title='bbox 190 2792 224 2842; x_wconf 90' lang='lat' dir='ltr'>Ut</span> <span class='ocrx_word' id='word_1_195' title='bbox 245 2793 342 2855; x_wconf 81' lang='lat' dir='ltr'>capias,</span> <span class='ocrx_word' id='word_1_196' title='bbox 354 2787 418 2838; x_wconf 90' lang='lat' dir='ltr'>idem</span> <span class='ocrx_word' id='word_1_197' title='bbox 431 2789 499 2837; x_wconf 83' lang='lat' dir='ltr'>limes</span> <span class='ocrx_word' id='word_1_198' title='bbox 510 2787 616 2852; x_wconf 81' lang='lat' dir='ltr'>agendus</span> <span class='ocrx_word' id='word_1_199' title='bbox 626 2792 679 2838; x_wconf 82' lang='lat' dir='ltr'>erit.</span> 
     </span>
     <span class='ocr_line' id='line_1_31' title="bbox 158 2866 832 2933; baseline -0.001 -11"><span class='ocrx_word' id='word_1_200' title='bbox 158 2871 204 2922; x_wconf 80' lang='lat' dir='ltr'>iiic</span> <span class='ocrx_word' id='word_1_201' title='bbox 216 2870 297 2927; x_wconf 85' lang='lat' dir='ltr'>rudis,</span> <span class='ocrx_word' id='word_1_202' title='bbox 317 2871 342 2916; x_wconf 78' lang='grc' dir='ltr'>δι</span> <span class='ocrx_word' id='word_1_203' title='bbox 360 2868 437 2916; x_wconf 84' lang='lat' dir='ltr'>castris</span> <span class='ocrx_word' id='word_1_204' title='bbox 448 2882 511 2916; x_wconf 90' lang='lat' dir='ltr'>nunc</span> <span class='ocrx_word' id='word_1_205' title='bbox 522 2866 627 2931; x_wconf 75' lang='lat' dir='ltr'>primum</span> <span class='ocrx_word' id='word_1_206' title='bbox 638 2883 709 2917; x_wconf 89' lang='lat' dir='ltr'>notus</span> <span class='ocrx_word' id='word_1_207' title='bbox 720 2868 832 2933; x_wconf 76' lang='lat' dir='ltr'>Amoris,</span> 
     </span>
     <span class='ocr_line' id='line_1_32' title="bbox 191 2944 925 3024; baseline 0.004 -27"><span class='ocrx_word' id='word_1_208' title='bbox 191 2949 239 3010; x_wconf 89' lang='lat' dir='ltr'>Qui</span> <span class='ocrx_word' id='word_1_209' title='bbox 259 2949 338 3011; x_wconf 73' lang='lat' dir='ltr'>tetigit</span> <span class='ocrx_word' id='word_1_210' title='bbox 356 2945 489 3000; x_wconf 81' lang='lat' dir='ltr'>thalamos,</span> <span class='ocrx_word' id='word_1_211' title='bbox 502 2944 582 3010; x_wconf 73' lang='lat' dir='ltr'>praeda</span> <span class='ocrx_word' id='word_1_212' title='bbox 597 2947 708 3007; x_wconf 84' lang='lat' dir='ltr'>novella,</span> <span class='ocrx_word' id='word_1_213' title='bbox 723 2963 793 3010; x_wconf 84' lang='lat' dir='ltr'>tuos3</span> <span class='ocrx_word' id='word_1_214' title='bbox 879 2973 925 3024; x_wconf 73' lang='lat'>5⁶⁰</span> 
     </span>
     <span class='ocr_line' id='line_1_33' title="bbox 158 3024 721 3088; baseline 0 -11"><span class='ocrx_word' id='word_1_215' title='bbox 158 3026 193 3077; x_wconf 85' lang='lat' dir='ltr'>Te</span> <span class='ocrx_word' id='word_1_216' title='bbox 204 3026 281 3075; x_wconf 82' lang='lat' dir='ltr'>solam</span> <span class='ocrx_word' id='word_1_217' title='bbox 292 3027 356 3073; x_wconf 83' lang='lat' dir='ltr'>norit</span> <span class='ocrx_word' id='word_1_218' title='bbox 366 3041 373 3083; x_wconf 89' lang='lat'>;</span> <span class='ocrx_word' id='word_1_219' title='bbox 387 3024 429 3072; x_wconf 89' lang='lat' dir='ltr'>tibi</span> <span class='ocrx_word' id='word_1_220' title='bbox 442 3030 532 3088; x_wconf 85' lang='lat' dir='ltr'>semper</span> <span class='ocrx_word' id='word_1_221' title='bbox 543 3027 656 3074; x_wconf 80' lang='lat' dir='ltr'>inhaereat</span> <span class='ocrx_word' id='word_1_222' title='bbox 664 3030 721 3077; x_wconf 82' lang='lat' dir='ltr'>unis</span> 
     </span>
     <span class='ocr_line' id='line_1_34' title="bbox 189 3100 663 3169; baseline 0.002 -16"><span class='ocrx_word' id='word_1_223' title='bbox 189 3100 317 3168; x_wconf 80' lang='lat' dir='ltr'>Cingenda</span> <span class='ocrx_word' id='word_1_224' title='bbox 330 3103 362 3151; x_wconf 91' lang='lat' dir='ltr'>est</span> <span class='ocrx_word' id='word_1_225' title='bbox 370 3102 424 3152; x_wconf 82' lang='lat' dir='ltr'>altis</span> <span class='ocrx_word' id='word_1_226' title='bbox 434 3103 525 3166; x_wconf 87' lang='lat' dir='ltr'>sepibus</span> <span class='ocrx_word' id='word_1_227' title='bbox 537 3103 578 3152; x_wconf 81' lang='lat' dir='ltr'>ista</span> <span class='ocrx_word' id='word_1_228' title='bbox 589 3105 663 3169; x_wconf 74' lang='lat' dir='ltr'>seges·</span> 
     </span>
    </p>
   </div>
   <div class='ocr_carea' id='block_1_3' title="bbox 158 3178 850 3329">
    <p class='ocr_par' dir='ltr' id='par_1_3' title="bbox 158 3178 850 3329">
     <span class='ocr_line' id='line_1_35' title="bbox 158 3178 850 3250; baseline 0.001 -18"><span class='ocrx_word' id='word_1_229' title='bbox 158 3180 244 3250; x_wconf 77' lang='lat' dir='ltr'>Effuge</span> <span class='ocrx_word' id='word_1_230' title='bbox 254 3183 353 3235; x_wconf 78' lang='lat' dir='ltr'>rivalem</span> <span class='ocrx_word' id='word_1_231' title='bbox 362 3200 369 3232; x_wconf 78' lang='lat' dir='ltr'>s</span> <span class='ocrx_word' id='word_1_232' title='bbox 379 3185 477 3244; x_wconf 75' lang='lat' dir='ltr'>vinces,</span> <span class='ocrx_word' id='word_1_233' title='bbox 494 3178 553 3232; x_wconf 88' lang='lat' dir='ltr'>dum</span> <span class='ocrx_word' id='word_1_234' title='bbox 563 3181 616 3232; x_wconf 79' lang='lat' dir='ltr'>iola</span> <span class='ocrx_word' id='word_1_235' title='bbox 626 3184 725 3233; x_wconf 79' lang='lat' dir='ltr'>tenebis.</span> <span class='ocrx_word' id='word_1_236' title='bbox 844 3234 850 3241; x_wconf 71' lang='grc'>,</span> 
     </span>
     <span class='ocr_line' id='line_1_36' title="bbox 706 3262 769 3329; baseline -0.032 -17"><span class='ocrx_word' id='word_1_237' title='bbox 706 3262 734 3312; x_wconf 90' lang='grc' dir='ltr'><strong>Μ</strong></span> <span class='ocrx_word' id='word_1_238' title='bbox 752 3265 769 3329; x_wconf 75' lang='lat' dir='ltr'>ij</span> 
     </span>
    </p>
   </div>
   <div class='ocr_carea' id='block_1_4' title="bbox 0 0 1188 3992">
    <p class='ocr_par' dir='ltr' id='par_1_4' title="bbox 0 0 1188 3992">
     <span class='ocr_line' id='line_1_37' title="bbox 0 0 1188 3992; baseline 0 1"><span class='ocrx_word' id='word_1_239' title='bbox 0 0 1188 3992; x_wconf 95' lang='lat' dir='ltr'> </span> 
     </span>
    </p>
   </div>
  </div>
 </body>
</html>
