<?xml version="1.0" encoding="UTF-8"?>
<!DOCTYPE html PUBLIC "-//W3C//DTD XHTML 1.0 Transitional//EN"
    "http://www.w3.org/TR/xhtml1/DTD/xhtml1-transitional.dtd">
<html xmlns="http://www.w3.org/1999/xhtml" xml:lang="en" lang="en">
 <head>
  <title>
</title>
<meta http-equiv="Content-Type" content="text/html;charset=utf-8" />
  <meta name='ocr-system' content='tesseract 3.04.00' />
  <meta name='ocr-capabilities' content='ocr_page ocr_carea ocr_par ocr_line ocrx_word'/>
</head>
<body>
  <div class='ocr_page' id='page_1' title='image "./povidiinasoniso03ovidgoog_0144.png"; bbox 0 0 2367 3992; ppageno 0'>
   <div class='ocr_carea' id='block_1_1' title="bbox 311 493 917 566">
    <p class='ocr_par' dir='ltr' id='par_1_1' title="bbox 311 493 917 566">
     <span class='ocr_line' id='line_1_1' title="bbox 311 493 917 566; baseline -0.002 -1"><span class='ocrx_word' id='word_1_1' title='bbox 311 504 380 566; x_wconf 84' lang='lat'>126</span> <span class='ocrx_word' id='word_1_2' title='bbox 435 493 917 566; x_wconf 75' lang='lat' dir='ltr'><em>OVJDJJAMORUM</em></span> 
     </span>
    </p>
   </div>
   <div class='ocr_carea' id='block_1_2' title="bbox 260 604 1000 1547">
    <p class='ocr_par' dir='ltr' id='par_1_2' title="bbox 260 604 1000 1547">
     <span class='ocr_line' id='line_1_2' title="bbox 270 604 931 685; baseline 0.003 -18"><span class='ocrx_word' id='word_1_3' title='bbox 270 604 275 631; x_wconf 65' lang='lat'>³</span> <span class='ocrx_word' id='word_1_4' title='bbox 307 617 360 667; x_wconf 86' lang='lat' dir='ltr'>Nee</span> <span class='ocrx_word' id='word_1_5' title='bbox 373 620 433 667; x_wconf 85' lang='lat' dir='ltr'>mihi</span> <span class='ocrx_word' id='word_1_6' title='bbox 451 620 550 668; x_wconf 88' lang='lat' dir='ltr'>materia</span> <span class='ocrx_word' id='word_1_7' title='bbox 561 617 595 667; x_wconf 88' lang='lat' dir='ltr'>est</span> <span class='ocrx_word' id='word_1_8' title='bbox 607 621 713 667; x_wconf 80' lang='lat' dir='ltr'>numeris</span> <span class='ocrx_word' id='word_1_9' title='bbox 723 617 851 668; x_wconf 86' lang='lat' dir='ltr'>levioribus</span> <span class='ocrx_word' id='word_1_10' title='bbox 861 635 931 685; x_wconf 82' lang='lat' dir='ltr'>apta,</span> 
     </span>
     <span class='ocr_line' id='line_1_3' title="bbox 260 696 914 762; baseline 0.008 -21"><span class='ocrx_word' id='word_1_11' title='bbox 260 708 291 742; x_wconf 72' lang='grc' dir='ltr'>ιο</span> <span class='ocrx_word' id='word_1_12' title='bbox 340 698 390 744; x_wconf 83' lang='lat' dir='ltr'>Aut</span> <span class='ocrx_word' id='word_1_13' title='bbox 399 713 476 762; x_wconf 88' lang='lat' dir='ltr'>puer,</span> <span class='ocrx_word' id='word_1_14' title='bbox 494 712 535 746; x_wconf 87' lang='lat' dir='ltr'>aut</span> <span class='ocrx_word' id='word_1_15' title='bbox 547 696 630 761; x_wconf 80' lang='lat' dir='ltr'>longas</span> <span class='ocrx_word' id='word_1_16' title='bbox 642 712 723 746; x_wconf 87' lang='lat' dir='ltr'>comta</span> <span class='ocrx_word' id='word_1_17' title='bbox 734 697 813 762; x_wconf 83' lang='lat' dir='ltr'>puella</span> <span class='ocrx_word' id='word_1_18' title='bbox 823 715 914 746; x_wconf 83' lang='lat' dir='ltr'>comas.</span> 
     </span>
     <span class='ocr_line' id='line_1_4' title="bbox 308 774 998 840; baseline 0.006 -16"><span class='ocrx_word' id='word_1_19' title='bbox 308 774 408 836; x_wconf 81' lang='lat' dir='ltr'>Questus</span> <span class='ocrx_word' id='word_1_20' title='bbox 422 792 499 824; x_wconf 87' lang='lat' dir='ltr'>eram:</span> <span class='ocrx_word' id='word_1_21' title='bbox 509 775 635 838; x_wconf 61' lang='lat' dir='ltr'>pharam,</span> <span class='ocrx_word' id='word_1_22' title='bbox 647 774 704 824; x_wconf 80' lang='lat' dir='ltr'>edm</span> <span class='ocrx_word' id='word_1_23' title='bbox 711 779 819 840; x_wconf 85' lang='lat' dir='ltr'>protinus</span> <span class='ocrx_word' id='word_1_24' title='bbox 830 777 889 836; x_wconf 88' lang='lat' dir='ltr'>ilie,</span> <span class='ocrx_word' id='word_1_25' title='bbox 901 774 998 840; x_wconf 62' lang='lat' dir='ltr'>soluti,</span> 
     </span>
     <span class='ocr_line' id='line_1_5' title="bbox 340 853 836 918; baseline 0 -16"><span class='ocrx_word' id='word_1_26' title='bbox 340 854 410 918; x_wconf 84' lang='lat' dir='ltr'>Legit</span> <span class='ocrx_word' id='word_1_27' title='bbox 421 855 446 901; x_wconf 94' lang='lat' dir='ltr'>in</span> <span class='ocrx_word' id='word_1_28' title='bbox 462 855 561 901; x_wconf 86' lang='lat' dir='ltr'>exitium</span> <span class='ocrx_word' id='word_1_29' title='bbox 572 853 662 918; x_wconf 85' lang='lat' dir='ltr'>spicula</span> <span class='ocrx_word' id='word_1_30' title='bbox 671 853 732 903; x_wconf 67' lang='lat' dir='ltr'>faeta</span> <span class='ocrx_word' id='word_1_31' title='bbox 741 870 836 902; x_wconf 89' lang='lat' dir='ltr'>meum:</span> 
     </span>
     <span class='ocr_line' id='line_1_6' title="bbox 308 931 898 996; baseline 0.003 -16"><span class='ocrx_word' id='word_1_32' title='bbox 308 932 457 996; x_wconf 82' lang='lat' dir='ltr'>Lunavitque</span> <span class='ocrx_word' id='word_1_33' title='bbox 471 947 533 996; x_wconf 87' lang='lat' dir='ltr'>genu</span> <span class='ocrx_word' id='word_1_34' title='bbox 547 933 670 980; x_wconf 79' lang='lat' dir='ltr'>sinuosum</span> <span class='ocrx_word' id='word_1_35' title='bbox 687 931 781 981; x_wconf 87' lang='lat' dir='ltr'>fortiter</span> <span class='ocrx_word' id='word_1_36' title='bbox 798 949 898 991; x_wconf 80' lang='lat' dir='ltr'>arcum3</span> 
     </span>
     <span class='ocr_line' id='line_1_7' title="bbox 341 1008 949 1077; baseline 0.008 -20"><span class='ocrx_word' id='word_1_37' title='bbox 341 1008 461 1076; x_wconf 86' lang='lat' dir='ltr'><strong>Quodque</strong></span> <span class='ocrx_word' id='word_1_38' title='bbox 476 1027 562 1070; x_wconf 80' lang='lat' dir='ltr'>canas,</span> <span class='ocrx_word' id='word_1_39' title='bbox 581 1025 645 1060; x_wconf 83' lang='lat' dir='ltr'>vates</span> <span class='ocrx_word' id='word_1_40' title='bbox 654 1046 663 1070; x_wconf 87' lang='lat'>,</span> <span class='ocrx_word' id='word_1_41' title='bbox 681 1015 776 1076; x_wconf 85' lang='lat' dir='ltr'>accipe,</span> <span class='ocrx_word' id='word_1_42' title='bbox 796 1010 866 1072; x_wconf 80' lang='lat' dir='ltr'><strong>dixit,</strong></span> <span class='ocrx_word' id='word_1_43' title='bbox 878 1029 949 1077; x_wconf 86' lang='lat' dir='ltr'>opus.</span> 
     </span>
     <span class='ocr_line' id='line_1_8' title="bbox 261 1088 932 1154; baseline 0.006 -18"><span class='ocrx_word' id='word_1_44' title='bbox 261 1105 288 1150; x_wconf 89' lang='lat'>25</span> <span class='ocrx_word' id='word_1_45' title='bbox 308 1088 350 1138; x_wconf 90' lang='lat' dir='ltr'>Me</span> <span class='ocrx_word' id='word_1_46' title='bbox 369 1090 498 1139; x_wconf 85' lang='lat' dir='ltr'>miserum!</span> <span class='ocrx_word' id='word_1_47' title='bbox 513 1103 588 1138; x_wconf 85' lang='lat' dir='ltr'>certas</span> <span class='ocrx_word' id='word_1_48' title='bbox 598 1090 683 1138; x_wconf 88' lang='lat' dir='ltr'>habuit</span> <span class='ocrx_word' id='word_1_49' title='bbox 693 1106 751 1154; x_wconf 87' lang='lat' dir='ltr'>puer</span> <span class='ocrx_word' id='word_1_50' title='bbox 762 1089 804 1139; x_wconf 87' lang='lat' dir='ltr'>ille</span> <span class='ocrx_word' id='word_1_51' title='bbox 818 1093 932 1154; x_wconf 77' lang='lat' dir='ltr'>sagittas:</span> 
     </span>
     <span class='ocr_line' id='line_1_9' title="bbox 340 1166 882 1232; baseline 0.004 -18"><span class='ocrx_word' id='word_1_52' title='bbox 340 1166 419 1223; x_wconf 87' lang='lat' dir='ltr'>Uror,</span> <span class='ocrx_word' id='word_1_53' title='bbox 438 1172 499 1219; x_wconf 88' lang='lat' dir='ltr'>&amp;in</span> <span class='ocrx_word' id='word_1_54' title='bbox 512 1184 588 1218; x_wconf 89' lang='lat' dir='ltr'>vacuo</span> <span class='ocrx_word' id='word_1_55' title='bbox 600 1170 693 1232; x_wconf 66' lang='lat' dir='ltr'>pedore</span> <span class='ocrx_word' id='word_1_56' title='bbox 704 1184 787 1232; x_wconf 82' lang='lat' dir='ltr'>regnat</span> <span class='ocrx_word' id='word_1_57' title='bbox 797 1170 882 1218; x_wconf 81' lang='lat' dir='ltr'>Amor.</span> 
     </span>
     <span class='ocr_line' id='line_1_10' title="bbox 305 1245 1000 1314; baseline 0.006 -19"><span class='ocrx_word' id='word_1_58' title='bbox 305 1247 352 1295; x_wconf 81' lang='lat' dir='ltr'>Sex</span> <span class='ocrx_word' id='word_1_59' title='bbox 367 1249 428 1295; x_wconf 87' lang='lat' dir='ltr'>mihi</span> <span class='ocrx_word' id='word_1_60' title='bbox 443 1249 522 1312; x_wconf 80' lang='lat' dir='ltr'>surgat</span> <span class='ocrx_word' id='word_1_61' title='bbox 533 1263 593 1312; x_wconf 88' lang='lat' dir='ltr'>opus</span> <span class='ocrx_word' id='word_1_62' title='bbox 605 1249 725 1305; x_wconf 77' lang='lat' dir='ltr'>numeris3</span> <span class='ocrx_word' id='word_1_63' title='bbox 741 1250 766 1294; x_wconf 89' lang='lat' dir='ltr'>in</span> <span class='ocrx_word' id='word_1_64' title='bbox 777 1251 883 1314; x_wconf 83' lang='lat' dir='ltr'>quinque</span> <span class='ocrx_word' id='word_1_65' title='bbox 894 1245 1000 1299; x_wconf 79' lang='lat' dir='ltr'>residat:</span> 
     </span>
     <span class='ocr_line' id='line_1_11' title="bbox 340 1324 848 1379; baseline 0.002 -5"><span class='ocrx_word' id='word_1_66' title='bbox 340 1326 425 1379; x_wconf 82' lang='lat' dir='ltr'>Ferrea</span> <span class='ocrx_word' id='word_1_67' title='bbox 438 1343 494 1375; x_wconf 90' lang='lat' dir='ltr'>cum</span> <span class='ocrx_word' id='word_1_68' title='bbox 505 1326 586 1374; x_wconf 86' lang='lat' dir='ltr'>vestris</span> <span class='ocrx_word' id='word_1_69' title='bbox 598 1324 661 1372; x_wconf 87' lang='lat' dir='ltr'>beila</span> <span class='ocrx_word' id='word_1_70' title='bbox 671 1324 749 1374; x_wconf 84' lang='lat' dir='ltr'>valete</span> <span class='ocrx_word' id='word_1_71' title='bbox 758 1324 848 1375; x_wconf 84' lang='lat' dir='ltr'>modis.</span> 
     </span>
     <span class='ocr_line' id='line_1_12' title="bbox 308 1402 872 1470; baseline -0.005 -15"><span class='ocrx_word' id='word_1_72' title='bbox 308 1403 413 1470; x_wconf 80' lang='lat' dir='ltr'>Cingere</span> <span class='ocrx_word' id='word_1_73' title='bbox 431 1404 518 1454; x_wconf 71' lang='lat' dir='ltr'>litorei</span> <span class='ocrx_word' id='word_1_74' title='bbox 531 1402 643 1453; x_wconf 82' lang='lat' dir='ltr'>flaventia</span> <span class='ocrx_word' id='word_1_75' title='bbox 655 1418 764 1467; x_wconf 87' lang='lat' dir='ltr'>tempora</span> <span class='ocrx_word' id='word_1_76' title='bbox 775 1420 872 1466; x_wconf 87' lang='lat' dir='ltr'>myrto,</span> 
     </span>
     <span class='ocr_line' id='line_1_13' title="bbox 264 1479 889 1547; baseline -0.003 -14"><span class='ocrx_word' id='word_1_77' title='bbox 264 1502 292 1547; x_wconf 81' lang='lat'>30</span> <span class='ocrx_word' id='word_1_78' title='bbox 342 1483 427 1544; x_wconf 86' lang='lat' dir='ltr'>Musa,</span> <span class='ocrx_word' id='word_1_79' title='bbox 446 1499 488 1547; x_wconf 88' lang='lat' dir='ltr'>per</span> <span class='ocrx_word' id='word_1_80' title='bbox 508 1479 615 1532; x_wconf 88' lang='lat' dir='ltr'>undenos</span> <span class='ocrx_word' id='word_1_81' title='bbox 630 1479 791 1531; x_wconf 73' lang='lat' dir='ltr'>emodulanda</span> <span class='ocrx_word' id='word_1_82' title='bbox 808 1481 889 1547; x_wconf 81' lang='lat' dir='ltr'>pedes.</span> 
     </span>
    </p>
   </div>
   <div class='ocr_carea' id='block_1_3' title="bbox 329 1589 1017 1782">
    <p class='ocr_par' dir='ltr' id='par_1_3' title="bbox 329 1589 1017 1782">
     <span class='ocr_line' id='line_1_14' title="bbox 329 1589 1017 1665; baseline 0.003 -16"><span class='ocrx_word' id='word_1_83' title='bbox 329 1589 1017 1665; x_wconf 50' lang='grc' dir='ltr'>«ετ--τὲῇὶέ--ῡ</span> 
     </span>
     <span class='ocr_line' id='line_1_15' title="bbox 490 1719 844 1782; baseline 0.006 -2"><span class='ocrx_word' id='word_1_84' title='bbox 490 1719 745 1782; x_wconf 86' lang='lat' dir='ltr'>ELEGIA</span> <span class='ocrx_word' id='word_1_85' title='bbox 786 1719 844 1782; x_wconf 89' lang='grc' dir='ltr'>ΙΙ.</span> 
     </span>
    </p>
   </div>
   <div class='ocr_carea' id='block_1_4' title="bbox 310 1805 1038 1949">
    <p class='ocr_par' dir='ltr' id='par_1_4' title="bbox 310 1805 1038 1949">
     <span class='ocr_line' id='line_1_16' title="bbox 310 1805 1038 1949; baseline 0.005 -19"><span class='ocrx_word' id='word_1_86' title='bbox 310 1805 416 1930; x_wconf 64' lang='lat' dir='ltr'>Eas!</span> <span class='ocrx_word' id='word_1_87' title='bbox 428 1880 489 1948; x_wconf 88' lang='lat' dir='ltr'>quid</span> <span class='ocrx_word' id='word_1_88' title='bbox 496 1884 543 1931; x_wconf 91' lang='lat' dir='ltr'>h&#39;oc</span> <span class='ocrx_word' id='word_1_89' title='bbox 555 1880 645 1938; x_wconf 86' lang='lat' dir='ltr'>dicam,</span> <span class='ocrx_word' id='word_1_90' title='bbox 654 1881 775 1949; x_wconf 87' lang='lat' dir='ltr'>quodtarn</span> <span class='ocrx_word' id='word_1_91' title='bbox 782 1882 843 1930; x_wconf 86' lang='lat' dir='ltr'>mihi</span> <span class='ocrx_word' id='word_1_92' title='bbox 851 1880 910 1931; x_wconf 86' lang='lat' dir='ltr'>dura</span> <span class='ocrx_word' id='word_1_93' title='bbox 920 1881 1038 1934; x_wconf 86' lang='lat' dir='ltr'>videntur</span> 
     </span>
    </p>
   </div>
   <div class='ocr_carea' id='block_1_5' title="bbox 265 1959 1021 3289">
    <p class='ocr_par' dir='ltr' id='par_1_5' title="bbox 265 1959 1021 3289">
     <span class='ocr_line' id='line_1_17' title="bbox 343 1959 934 2026; baseline -0.002 -17"><span class='ocrx_word' id='word_1_94' title='bbox 343 1961 440 2015; x_wconf 83' lang='lat' dir='ltr'>Strata,</span> <span class='ocrx_word' id='word_1_95' title='bbox 455 1978 532 2026; x_wconf 87' lang='lat' dir='ltr'>neque</span> <span class='ocrx_word' id='word_1_96' title='bbox 542 1963 568 2010; x_wconf 90' lang='lat' dir='ltr'>in</span> <span class='ocrx_word' id='word_1_97' title='bbox 580 1960 642 2010; x_wconf 58' lang='lat' dir='ltr'>lesio</span> <span class='ocrx_word' id='word_1_98' title='bbox 655 1961 729 2026; x_wconf 86' lang='lat' dir='ltr'>pallia</span> <span class='ocrx_word' id='word_1_99' title='bbox 742 1960 820 2010; x_wconf 87' lang='lat' dir='ltr'>nostra</span> <span class='ocrx_word' id='word_1_100' title='bbox 834 1959 934 2019; x_wconf 62' lang='lat' dir='ltr'>sedent?</span> 
     </span>
     <span class='ocr_line' id='line_1_18' title="bbox 309 2037 970 2105; baseline 0 -18"><span class='ocrx_word' id='word_1_101' title='bbox 309 2037 341 2087; x_wconf 83' lang='lat' dir='ltr'>Et</span> <span class='ocrx_word' id='word_1_102' title='bbox 356 2055 444 2088; x_wconf 88' lang='lat' dir='ltr'>vacuus</span> <span class='ocrx_word' id='word_1_103' title='bbox 455 2040 541 2088; x_wconf 86' lang='lat' dir='ltr'>somno</span> <span class='ocrx_word' id='word_1_104' title='bbox 555 2042 668 2100; x_wconf 72' lang='lat' dir='ltr'>nostem,</span> <span class='ocrx_word' id='word_1_105' title='bbox 681 2039 755 2105; x_wconf 73' lang='lat' dir='ltr'>quim</span> <span class='ocrx_word' id='word_1_106' title='bbox 769 2037 859 2103; x_wconf 83' lang='lat' dir='ltr'>longa,</span> <span class='ocrx_word' id='word_1_107' title='bbox 870 2043 970 2105; x_wconf 79' lang='lat' dir='ltr'>peregi3</span> 
     </span>
     <span class='ocr_line' id='line_1_19' title="bbox 341 2115 836 2183; baseline 0 -18"><span class='ocrx_word' id='word_1_108' title='bbox 341 2115 457 2183; x_wconf 80' lang='lat' dir='ltr'>Lassaque</span> <span class='ocrx_word' id='word_1_109' title='bbox 470 2119 555 2167; x_wconf 80' lang='lat' dir='ltr'>versati</span> <span class='ocrx_word' id='word_1_110' title='bbox 567 2120 673 2182; x_wconf 85' lang='lat' dir='ltr'>corporis</span> <span class='ocrx_word' id='word_1_111' title='bbox 681 2115 732 2166; x_wconf 80' lang='lat' dir='ltr'>offa</span> <span class='ocrx_word' id='word_1_112' title='bbox 742 2115 836 2167; x_wconf 87' lang='lat' dir='ltr'>dolent.</span> 
     </span>
     <span class='ocr_line' id='line_1_20' title="bbox 281 2186 957 2263; baseline -0.003 -18"><span class='ocrx_word' id='word_1_113' title='bbox 281 2203 291 2247; x_wconf 85' lang='lat'>5</span> <span class='ocrx_word' id='word_1_114' title='bbox 311 2186 391 2257; x_wconf 81' lang='lat' dir='ltr'>Nam,</span> <span class='ocrx_word' id='word_1_115' title='bbox 413 2210 488 2261; x_wconf 84' lang='lat' dir='ltr'>puto,</span> <span class='ocrx_word' id='word_1_116' title='bbox 503 2197 634 2256; x_wconf 84' lang='lat' dir='ltr'>sentirem,</span> <span class='ocrx_word' id='word_1_117' title='bbox 649 2199 668 2244; x_wconf 80' lang='lat' dir='ltr'>si</span> <span class='ocrx_word' id='word_1_118' title='bbox 680 2189 729 2261; x_wconf 80' lang='lat' dir='ltr'>quo</span> <span class='ocrx_word' id='word_1_119' title='bbox 740 2208 844 2245; x_wconf 83' lang='lat' dir='ltr'>tentarer</span> <span class='ocrx_word' id='word_1_120' title='bbox 854 2203 957 2263; x_wconf 82' lang='lat' dir='ltr'>amore.&#39;</span> 
     </span>
     <span class='ocr_line' id='line_1_21' title="bbox 343 2273 868 2333; baseline -0.008 -9"><span class='ocrx_word' id='word_1_121' title='bbox 343 2276 380 2325; x_wconf 80' lang='lat' dir='ltr'>An</span> <span class='ocrx_word' id='word_1_122' title='bbox 391 2276 470 2333; x_wconf 89' lang='lat' dir='ltr'>subit,</span> <span class='ocrx_word' id='word_1_123' title='bbox 487 2277 510 2323; x_wconf 87' lang='lat'>&amp;</span> <span class='ocrx_word' id='word_1_124' title='bbox 520 2274 595 2323; x_wconf 67' lang='lat' dir='ltr'>taciti</span> <span class='ocrx_word' id='word_1_125' title='bbox 605 2273 706 2323; x_wconf 85' lang='lat' dir='ltr'>callidus</span> <span class='ocrx_word' id='word_1_126' title='bbox 717 2287 768 2322; x_wconf 83' lang='lat' dir='ltr'>arte</span> <span class='ocrx_word' id='word_1_127' title='bbox 775 2286 847 2321; x_wconf 91' lang='lat' dir='ltr'>nocet</span> <span class='ocrx_word' id='word_1_128' title='bbox 858 2276 868 2320; x_wconf 77' lang='lat' dir='ltr'>i</span> 
     </span>
     <span class='ocr_line' id='line_1_22' title="bbox 311 2348 901 2414; baseline -0.008 -10"><span class='ocrx_word' id='word_1_129' title='bbox 311 2357 349 2404; x_wconf 86' lang='lat' dir='ltr'>Sic</span> <span class='ocrx_word' id='word_1_130' title='bbox 362 2369 412 2403; x_wconf 84' lang='lat' dir='ltr'>erat</span> <span class='ocrx_word' id='word_1_131' title='bbox 425 2371 431 2402; x_wconf 79' lang='lat' dir='ltr'>t</span> <span class='ocrx_word' id='word_1_132' title='bbox 442 2354 560 2402; x_wconf 78' lang='lat' dir='ltr'>haeserunt</span> <span class='ocrx_word' id='word_1_133' title='bbox 572 2367 654 2402; x_wconf 86' lang='lat' dir='ltr'>tenues</span> <span class='ocrx_word' id='word_1_134' title='bbox 667 2354 693 2400; x_wconf 87' lang='lat' dir='ltr'>in</span> <span class='ocrx_word' id='word_1_135' title='bbox 706 2348 779 2399; x_wconf 86' lang='lat' dir='ltr'>corde</span> <span class='ocrx_word' id='word_1_136' title='bbox 790 2351 901 2414; x_wconf 75' lang='lat' dir='ltr'>sagittae,</span> 
     </span>
     <span class='ocr_line' id='line_1_23' title="bbox 343 2429 849 2497; baseline -0.01 -16"><span class='ocrx_word' id='word_1_137' title='bbox 343 2432 375 2481; x_wconf 84' lang='lat' dir='ltr'>Et</span> <span class='ocrx_word' id='word_1_138' title='bbox 385 2429 486 2497; x_wconf 81' lang='lat' dir='ltr'>poffeffa</span> <span class='ocrx_word' id='word_1_139' title='bbox 497 2431 559 2480; x_wconf 87' lang='lat' dir='ltr'>ferus</span> <span class='ocrx_word' id='word_1_140' title='bbox 570 2433 665 2496; x_wconf 62' lang='lat' dir='ltr'>pedore</span> <span class='ocrx_word' id='word_1_141' title='bbox 675 2430 753 2478; x_wconf 83' lang='lat' dir='ltr'>versat</span> <span class='ocrx_word' id='word_1_142' title='bbox 765 2430 849 2477; x_wconf 78' lang='lat' dir='ltr'>Amor.</span> 
     </span>
     <span class='ocr_line' id='line_1_24' title="bbox 312 2505 1015 2572; baseline -0.007 -10"><span class='ocrx_word' id='word_1_143' title='bbox 312 2510 445 2564; x_wconf 76' lang='lat' dir='ltr'>cedimus?</span> <span class='ocrx_word' id='word_1_144' title='bbox 464 2527 494 2560; x_wconf 88' lang='lat' dir='ltr'>an</span> <span class='ocrx_word' id='word_1_145' title='bbox 505 2510 611 2558; x_wconf 85' lang='lat' dir='ltr'>subitum</span> <span class='ocrx_word' id='word_1_146' title='bbox 620 2505 732 2557; x_wconf 62' lang='lat' dir='ltr'>luctando</span> <span class='ocrx_word' id='word_1_147' title='bbox 744 2506 896 2556; x_wconf 84' lang='lat' dir='ltr'>accendimus</span> <span class='ocrx_word' id='word_1_148' title='bbox 906 2509 991 2572; x_wconf 86' lang='lat' dir='ltr'>ignem</span> <span class='ocrx_word' id='word_1_149' title='bbox 1003 2511 1015 2557; x_wconf 69' lang='grc' dir='ltr'><strong><em>ἒ</em></strong></span> 
     </span>
     <span class='ocr_line' id='line_1_25' title="bbox 266 2585 953 2654; baseline -0.004 -17"><span class='ocrx_word' id='word_1_150' title='bbox 266 2606 295 2637; x_wconf 81' lang='lat'>10</span> <span class='ocrx_word' id='word_1_151' title='bbox 346 2589 482 2654; x_wconf 81' lang='lat' dir='ltr'>Cedamus:</span> <span class='ocrx_word' id='word_1_152' title='bbox 497 2589 549 2639; x_wconf 87' lang='lat' dir='ltr'>leve</span> <span class='ocrx_word' id='word_1_153' title='bbox 565 2587 610 2648; x_wconf 85' lang='lat' dir='ltr'>fit,</span> <span class='ocrx_word' id='word_1_154' title='bbox 623 2585 690 2654; x_wconf 90' lang='lat' dir='ltr'>quod</span> <span class='ocrx_word' id='word_1_155' title='bbox 702 2587 761 2636; x_wconf 89' lang='lat' dir='ltr'>bene</span> <span class='ocrx_word' id='word_1_156' title='bbox 772 2586 863 2645; x_wconf 85' lang='lat' dir='ltr'>fertur,</span> <span class='ocrx_word' id='word_1_157' title='bbox 882 2601 953 2635; x_wconf 87' lang='lat' dir='ltr'>onus.</span> 
     </span>
     <span class='ocr_line' id='line_1_26' title="bbox 311 2663 962 2735; baseline -0.011 -16"><span class='ocrx_word' id='word_1_158' title='bbox 311 2668 369 2720; x_wconf 90' lang='lat' dir='ltr'>Vidi</span> <span class='ocrx_word' id='word_1_159' title='bbox 388 2686 432 2734; x_wconf 84' lang='lat' dir='ltr'>ego</span> <span class='ocrx_word' id='word_1_160' title='bbox 442 2671 556 2735; x_wconf 57' lang='lat' dir='ltr'>jasium,</span> <span class='ocrx_word' id='word_1_161' title='bbox 569 2665 638 2716; x_wconf 68' lang='lat' dir='ltr'>moti</span> <span class='ocrx_word' id='word_1_162' title='bbox 647 2666 715 2725; x_wconf 84' lang='lat' dir='ltr'>face,</span> <span class='ocrx_word' id='word_1_163' title='bbox 727 2667 830 2714; x_wconf 86' lang='lat' dir='ltr'>crescere</span> <span class='ocrx_word' id='word_1_164' title='bbox 838 2663 962 2713; x_wconf 80' lang='lat' dir='ltr'>flammas:</span> 
     </span>
     <span class='ocr_line' id='line_1_27' title="bbox 345 2746 809 2805; baseline -0.015 -7"><span class='ocrx_word' id='word_1_165' title='bbox 345 2749 377 2798; x_wconf 87' lang='lat' dir='ltr'>Et</span> <span class='ocrx_word' id='word_1_166' title='bbox 392 2746 459 2803; x_wconf 85' lang='lat' dir='ltr'>vidi,</span> <span class='ocrx_word' id='word_1_167' title='bbox 471 2746 541 2797; x_wconf 85' lang='lat' dir='ltr'>nulio</span> <span class='ocrx_word' id='word_1_168' title='bbox 552 2748 705 2796; x_wconf 88' lang='lat' dir='ltr'>concutiente</span> <span class='ocrx_word' id='word_1_169' title='bbox 717 2780 725 2805; x_wconf 88' lang='lat'>,</span> <span class='ocrx_word' id='word_1_170' title='bbox 737 2747 809 2794; x_wconf 89' lang='lat' dir='ltr'>mori.</span> 
     </span>
     <span class='ocr_line' id='line_1_28' title="bbox 311 2823 1021 2891; baseline -0.006 -17"><span class='ocrx_word' id='word_1_171' title='bbox 311 2826 416 2875; x_wconf 85' lang='lat' dir='ltr'>Verbera</span> <span class='ocrx_word' id='word_1_172' title='bbox 433 2827 501 2891; x_wconf 84' lang='lat' dir='ltr'>plura</span> <span class='ocrx_word' id='word_1_173' title='bbox 517 2825 614 2883; x_wconf 85' lang='lat' dir='ltr'>ferunt,</span> <span class='ocrx_word' id='word_1_174' title='bbox 627 2824 701 2890; x_wconf 75' lang='lat' dir='ltr'>quim</span> <span class='ocrx_word' id='word_1_175' title='bbox 713 2841 773 2889; x_wconf 90' lang='lat' dir='ltr'>quos</span> <span class='ocrx_word' id='word_1_176' title='bbox 785 2828 852 2888; x_wconf 82' lang='lat' dir='ltr'>juvat</span> <span class='ocrx_word' id='word_1_177' title='bbox 862 2823 916 2870; x_wconf 85' lang='lat' dir='ltr'>usus</span> <span class='ocrx_word' id='word_1_178' title='bbox 927 2823 1021 2884; x_wconf 83' lang='lat' dir='ltr'>aratri²</span> 
     </span>
     <span class='ocr_line' id='line_1_29' title="bbox 344 2902 890 2968; baseline -0.004 -15"><span class='ocrx_word' id='word_1_179' title='bbox 344 2905 483 2954; x_wconf 70' lang='lat' dir='ltr'>Detreiiant</span> <span class='ocrx_word' id='word_1_180' title='bbox 495 2906 566 2967; x_wconf 87' lang='lat' dir='ltr'>pressi</span> <span class='ocrx_word' id='word_1_181' title='bbox 582 2902 640 2951; x_wconf 90' lang='lat' dir='ltr'>dum</span> <span class='ocrx_word' id='word_1_182' title='bbox 652 2907 708 2967; x_wconf 83' lang='lat' dir='ltr'>juga</span> <span class='ocrx_word' id='word_1_183' title='bbox 717 2907 795 2968; x_wconf 87' lang='lat' dir='ltr'>prima</span> <span class='ocrx_word' id='word_1_184' title='bbox 808 2904 890 2952; x_wconf 83' lang='lat' dir='ltr'>boves.</span> 
     </span>
     <span class='ocr_line' id='line_1_30' title="bbox 265 2978 925 3052; baseline -0.005 -21"><span class='ocrx_word' id='word_1_185' title='bbox 265 3005 293 3052; x_wconf 85' lang='lat'>¹5</span> <span class='ocrx_word' id='word_1_186' title='bbox 313 2983 384 3047; x_wconf 81' lang='lat' dir='ltr'>Asper</span> <span class='ocrx_word' id='word_1_187' title='bbox 396 2997 469 3047; x_wconf 85' lang='lat' dir='ltr'>equus</span> <span class='ocrx_word' id='word_1_188' title='bbox 482 2979 546 3029; x_wconf 84' lang='lat' dir='ltr'>duris</span> <span class='ocrx_word' id='word_1_189' title='bbox 556 2978 714 3030; x_wconf 86' lang='lat' dir='ltr'>contunditur</span> <span class='ocrx_word' id='word_1_190' title='bbox 728 2999 770 3030; x_wconf 85' lang='lat' dir='ltr'>ora</span> <span class='ocrx_word' id='word_1_191' title='bbox 785 2982 884 3048; x_wconf 85' lang='lat' dir='ltr'>lupatis:</span> <span class='ocrx_word' id='word_1_192' title='bbox 921 3021 925 3028; x_wconf 85' lang='grc'><em>,</em></span> 
     </span>
     <span class='ocr_line' id='line_1_31' title="bbox 346 3059 934 3126; baseline 0.002 -18"><span class='ocrx_word' id='word_1_193' title='bbox 346 3061 420 3109; x_wconf 82' lang='lat' dir='ltr'>Frena</span> <span class='ocrx_word' id='word_1_194' title='bbox 432 3061 510 3108; x_wconf 89' lang='lat' dir='ltr'>minus</span> <span class='ocrx_word' id='word_1_195' title='bbox 521 3061 606 3119; x_wconf 88' lang='lat' dir='ltr'>sentit,</span> <span class='ocrx_word' id='word_1_196' title='bbox 621 3062 727 3126; x_wconf 87' lang='lat' dir='ltr'>quisquis</span> <span class='ocrx_word' id='word_1_197' title='bbox 742 3059 773 3110; x_wconf 88' lang='lat' dir='ltr'>ad</span> <span class='ocrx_word' id='word_1_198' title='bbox 788 3077 853 3110; x_wconf 85' lang='lat' dir='ltr'>arma</span> <span class='ocrx_word' id='word_1_199' title='bbox 865 3059 934 3109; x_wconf 85' lang='lat' dir='ltr'>facit.</span> 
     </span>
     <span class='ocr_line' id='line_1_32' title="bbox 313 3139 846 3206; baseline -0.006 -16"><span class='ocrx_word' id='word_1_200' title='bbox 313 3139 394 3190; x_wconf 69' lang='lat' dir='ltr'>neritis</span> <span class='ocrx_word' id='word_1_201' title='bbox 405 3141 494 3189; x_wconf 83' lang='lat' dir='ltr'>invitos</span> <span class='ocrx_word' id='word_1_202' title='bbox 508 3139 634 3206; x_wconf 83' lang='lat' dir='ltr'>multoque</span> <span class='ocrx_word' id='word_1_203' title='bbox 650 3139 752 3190; x_wconf 73' lang='lat' dir='ltr'>ferocitis</span> <span class='ocrx_word' id='word_1_204' title='bbox 766 3154 846 3205; x_wconf 81' lang='lat' dir='ltr'>urget,</span> 
     </span>
     <span class='ocr_line' id='line_1_33' title="bbox 347 3217 924 3289; baseline -0.005 -20"><span class='ocrx_word' id='word_1_205' title='bbox 347 3217 428 3282; x_wconf 77' lang='lat' dir='ltr'>Quam</span> <span class='ocrx_word' id='word_1_206' title='bbox 439 3223 482 3289; x_wconf 89' lang='lat' dir='ltr'>qui</span> <span class='ocrx_word' id='word_1_207' title='bbox 491 3221 614 3276; x_wconf 80' lang='lat' dir='ltr'>servitium</span> <span class='ocrx_word' id='word_1_208' title='bbox 628 3219 688 3268; x_wconf 86' lang='lat' dir='ltr'>ferre</span> <span class='ocrx_word' id='word_1_209' title='bbox 703 3219 823 3278; x_wconf 81' lang='lat' dir='ltr'>farentur,</span> <span class='ocrx_word' id='word_1_210' title='bbox 839 3219 924 3266; x_wconf 75' lang='lat' dir='ltr'>Amor.</span> 
     </span>
    </p>
   </div>
   <div class='ocr_carea' id='block_1_6' title="bbox 0 0 1188 3992">
    <p class='ocr_par' dir='ltr' id='par_1_6' title="bbox 0 0 1188 3992">
     <span class='ocr_line' id='line_1_34' title="bbox 0 0 1188 3992; baseline 0 0"><span class='ocrx_word' id='word_1_211' title='bbox 0 0 1188 3992; x_wconf 95' lang='lat' dir='ltr'> </span> 
     </span>
    </p>
   </div>
  </div>
 </body>
</html>
