2367 3992
341 487 603 553 Hnrornns.
632 479 704 547 En.
729 476 796 547 IV.
888 496 924 565 15

239 605 324 654 Scribe
335 624 343 663 3
361 603 428 654 dabit
441 606 512 653 victas
525 601 613 651 ferreus
624 601 664 650 ille
676 616 768 648 manus.

207 679 293 739 Adsit,
305 685 348 741 δι,
366 698 392 731 ut
403 681 491 730 nostras
500 678 572 729 avido
582 679 648 728 fovet
658 682 713 744 igne
724 674 840 727 medullas
849 711 857 737 ,

241 760 312 824 figat
322 763 356 808 sic
367 763 460 808 animos
471 762 496 807 in
507 775 560 806 mea
570 773 627 807 vora
638 773 699 806 tuos.

208 835 267 884 Non
285 854 331 902 ego
342 837 449 903 nequitid
460 836 556 885 socialia
571 833 662 884 foedera
674 846 798 899 rumpam:

241 916 333 976 fama,
347 916 420 965 velim
431 932 536 981 queres,
550 916 649 962 crimine
660 915 737 962 nostra
747 928 826 962 vacat.

207 990 283 1041 Venit
295 995 371 1042 Amor
383 996 494 1058 gravius,
510 1009 558 1058 quo
570 993 657 1041 serius:
670 996 760 1041 urimur
773 995 853 1050 intus,

240 1069 360 1131 Urirnur3
374 1076 398 1120 &
410 1088 500 1121 caecum
512 1074 607 1136 petlora
615 1071 701 1121 vulnus
714 1072 810 1119 habent.

207 1147 305 1197 Scilicet
317 1166 345 1199 ur
356 1165 447 1198 teneros
459 1147 550 1198 laedunt
559 1153 615 1214 juga
625 1154 703 1214 prima
713 1153 839 1213 juvencos,

240 1227 365 1293 frenaque
375 1231 415 1278 vix
425 1230 513 1291 patitur
522 1226 551 1275 de
562 1243 632 1291 grege
643 1243 724 1290 captus
734 1242 819 1292 equus:

208 1304 245 1352 sic
257 1306 322 1354 mule
330 1310 418 1371 vixque
429 1307 491 1354 subit
499 1308 589 1370 primos
601 1302 659 1352 rude
667 1307 746 1368 pestus
758 1318 863 1362 amores;

240 1386 386 1450 Sarcinaque
396 1387 446 1433 haec
459 1388 541 1433 animo
552 1401 603 1432 non
614 1381 679 1432 sedet
689 1397 743 1446 apta
754 1398 820 1430 meo.

208 1459 251 1510 Ars
263 1462 308 1522 fit,
322 1464 363 1510 ubi
374 1479 387 1510 a
398 1465 482 1511 teneris
494 1465 585 1510 crimen
592 1458 738 1510 condiscitur
748 1463 830 1509 annise

240 1540 302 1600 Quae
316 1544 382 1590 venit
393 1543 472 1589 exutio
485 1556 608 1604 tempore,
625 1543 691 1603 pejus
702 1552 775 1587 amat.

207 1615 244 1666 Tu
257 1635 322 1667 nova
337 1620 433 1667 servarae
445 1621 520 1683 capies
532 1617 647 1666 libamina
658 1617 741 1677 famae3

239 1697 271 1744 Et
286 1700 374 1761 pariter
386 1695 492 1745 nostrtim
503 1695 544 1744 fiet
555 1711 653 1760 uterque
664 1712 760 1744 nocens.

208 1773 246 1822 Est
260 1773 373 1840 aliquid,
393 1774 468 1839 plenis
481 1777 589 1838 pomula
603 1790 696 1838 carpere
708 1775 794 1832 ramis,

239 1851 271 1902 Et
283 1857 349 1902 tenui
360 1856 462 1917 primam
471 1851 574 1917 deligere
585 1867 663 1916 ungue
670 1854 757 1899 rosam.

208 1932 231 1980 Si
244 1948 326 1980 temen
337 1932 379 1979 ille
391 1933 471 1994 prior,
485 1947 534 1995 qun
546 1948 583 1978 me
595 1933 643 1977 sine
652 1932 751 1979 crimine
762 1929 833 1993 gessi,

240 2007 343 2058 Candor
361 2011 389 2058 ab
404 2008 500 2057 insolita
517 2009 568 2056 labe
583 2007 702 2057 notandus
716 2023 779 2064 erat3

205 2085 238 2135 At
250 2088 310 2134 bene
322 2089 447 2146 successit,
462 2084 536 2151 digno
549 2084 615 2151 quod
626 2083 747 2134 adurimur
757 2087 816 2150 igni.

239 2165 310 2229 Pejus
324 2164 442 2213 adulterio
455 2168 527 2229 turpis
539 2163 631 2213 adulter
642 2165 715 2213 obest.

206 2242 230 2289 si
242 2243 304 2290 mihi
314 2240 431 2291 concedat
443 2243 504 2291 luno
517 2242 662 2308 fratremque
673 2247 816 2310 virumque3

239 2320 401 2384 Hippolytum
415 2318 495 2368 videar
511 2323 664 2384 praepositura
674 2322 735 2371 Jovi.

206 2398 259 2448 lam
272 2415 386 2463 quoque,
400 2401 440 2448 vix
452 2395 531 2446 credas
542 2432 549 2456 ,
561 2401 654 2462 ignotas
664 2403 729 2448 nitor
736 2403 761 2449 in
772 2414 848 2448 artes:

239 2477 280 2526 Est
292 2479 352 2525 mihi
365 2495 406 2542 per
417 2479 485 2526 saevas
495 2479 598 2542 impetus
607 2479 641 2525 ire
650 2478 718 2527 seras.

205 2554 259 2605 Jam
270 2557 331 2604 mihi
343 2558 419 2619 prima
427 2555 478 2603 Dea
489 2555 537 2614 est,
548 2573 623 2604 cornu
635 2560 753 2621 praesignis
763 2554 875 2616 adunco,

238 2634 311 2683 Delia
320 2653 325 2682 ι
334 2632 450 2699 judicium
462 2635 589 2698 subsequor
597 2636 646 2699 ipsa
657 2650 735 2683 tuum.
941 2657 972 2702 40
988 2655 993 2672 r

205 2711 233 2760 ln
247 2729 331 2759 nemus
347 2715 380 2758 ire
397 2712 470 2770 libet,
490 2714 618 2776 pressisque
630 2716 655 2759 in
668 2715 725 2761 retia
743 2711 837 2771 cervis,

238 2789 339 2838 Hortari
353 2788 439 2836 celeres
450 2806 490 2852 per
501 2793 557 2853 juga
569 2790 662 2837 summa
672 2807 755 2838 canes:

204 2867 254 2917 Aut
265 2867 395 2916 tremulum
407 2865 502 2916 excullo
514 2868 620 2931 jaculum
632 2871 723 2918 vibrare
735 2869 836 2930 lacerto3

237 2946 288 2993 Aut
302 2948 326 2992 in
337 2949 458 3009 graminea
469 2962 557 3010 ponere
567 2963 652 3011 corpus
662 2950 747 2998 humo.

205 3024 270 3086 Saepe
282 3027 349 3086 juvat
360 3026 451 3071 versare
465 3024 526 3073 leves
536 3028 561 3072 in
572 3025 668 3090 pulvere
680 3044 775 3090 currus,

238 3101 404 3165 Torquentem
423 3101 494 3150 frenis
509 3119 550 3150 ora
566 3106 670 3169 sequacis
683 3110 746 3170 equi.

206 3177 278 3228 Nunc
292 3179 373 3239 feror,
393 3195 419 3230 ut
429 3180 515 3231 Bacchi
527 3181 593 3231 furiis
610 3177 728 3234 Eleleidee
739 3187 808 3247 alle,
