2367 3992
270 562 272 566 ι
316 495 383 560 190
444 469 649 536 Ovi-nir
683 454 935 533 Aaronom

312 594 448 645 Damnosus
465 593 545 656 pecori
555 590 648 654 deutris,
664 585 802 636 damnosior
814 589 886 650 agris.

266 687 311 720 roo
345 675 454 722 Forsitan
464 672 514 718 haec
524 669 598 726 alios3
610 684 649 715 me
664 683 716 715 mea
728 665 815 714 damna
827 678 940 713 movent.

311 753 375 803 Huic
386 767 431 816 ego
443 784 451 809 ‚
463 748 514 798 vae!
527 746 626 797 demens
638 747 762 794 narrabam
774 743 905 793 fluminum
916 758 1022 795 amores·

270 847 272 850 ·
343 826 440 878 iadaffe
456 825 557 890 indigno
573 828 674 874 nomina
689 839 755 872 tanta
772 821 856 888 pudet.

311 907 399 957 Nescio
415 903 474 972 quid
484 906 498 952 s
495 907 587 968 peciam
596 939 604 962 ,
616 902 741 951 Acheloon
751 906 776 951 &
786 903 894 952 Inachon
902 921 988 955 amnes
995 939 1007 962 ,

344 987 375 1035 Et
393 989 461 1049 potui
477 1000 581 1041 nomen,
599 983 674 1042 Nile,
691 982 777 1030 referre
793 996 872 1032 tuum.

265 1071 307 1119 ¹05
313 1065 342 1114 ,it
355 1066 398 1112 ubi
409 1079 453 1127 pro
464 1064 555 1114 meritis
568 1078 642 1125 opto,
654 1077 704 1108 non
716 1058 817 1110 candide
826 1077 937 1118 torrens,

344 1143 396 1190 Sint
411 1137 488 1205 rapidi
500 1139 580 1200 soles,
598 1142 706 1204 siccaque
723 1140 814 1203 semper
829 1142 919 1191 hiems.

330 1268 1022 1340 u----²-⁸3„‘}I=3=====>

467 1412 721 1476 ELEGIA
761 1415 873 1475 VVII.

310 1505 378 1624 Α,
386 1593 403 1624 τ
420 1592 469 1624 non
481 1574 586 1624 formosa
598 1575 630 1624 esi
640 1593 645 1622 :
655 1589 681 1624 at
691 1591 741 1624 non
756 1578 816 1626 bene
827 1576 893 1626 culta
901 1577 1004 1643 puella:

342 1654 388 1713 At,
399 1669 459 1717 puto
468 1689 476 1713 ‚
485 1670 534 1702 non
544 1657 608 1703 votis
618 1656 677 1718 saepe
685 1657 760 1720 petita
771 1660 840 1706 meir.

308 1729 376 1781 Hanc
387 1747 467 1780 tamen
481 1735 505 1780 in
514 1732 594 1781 nullos
607 1736 671 1781 tenui
682 1734 746 1783 male
756 1732 884 1798 languidus
896 1736 952 1785 usus
964 1766 975 1798 ,

341 1808 387 1859 Sed
396 1813 459 1876 jacui
470 1814 538 1875 pigro
551 1814 643 1860 crimen
653 1829 760 1878 onusque
771 1828 835 1862 toro.

278 1897 289 1945 5
308 1888 359 1939 Ncc
369 1892 438 1954 potui
453 1893 565 1954 cupiens,
578 1893 665 1954 pariter
676 1894 786 1954 cupiente
799 1890 880 1956 puella
887 1926 899 1953 ,

342 1969 448 2033 Inguinis
463 1966 528 2016 effeti
541 1984 607 2033 parte
617 1972 713 2033 juvante
726 1969 781 2018 frui.

308 2047 352 2096 lua
363 2045 462 2112 quidem
472 2048 553 2096 nostro
561 2049 661 2112 subjecit
673 2049 775 2096 eburnea
785 2047 852 2097 coilo

341 2126 453 2184 Brachia,
470 2123 580 2174 Sithonii
594 2123 733 2190 candidiora
747 2128 817 2175 nive:

308 2202 442 2268 Osculaque
453 2205 551 2251 inseruit
561 2200 653 2266 cupidae
667 2204 779 2252 luctantia
790 2203 892 2268 linguae:

262 2281 291 2313 ¹³
341 2281 465 2330 Lascivum
485 2281 572 2329 femori
586 2283 754 2346 supposuitque
768 2281 856 2331 scmut.
936 2293 941 2319 ¹

307 2360 338 2408 Et
359 2360 419 2408 mihi
434 2357 560 2408 blanditias
572 2357 650 2417 dixit,
663 2361 845 2425 Dominumque
856 2359 974 2410 vocavita

340 2438 371 2487 Et
389 2455 441 2504 quae
455 2436 567 2503 praete'rea
581 2438 679 2502 publica
689 2439 763 2487 uerba
773 2443 865 2504 juvant.

307 2517 380 2566 Tucia
392 2533 472 2565 tanrcu
489 2516 563 2566 veluti
577 2515 658 2582 gelidai
672 2534 724 2564 ruca
740 2518 847 2564 membra
858 2515 955 2572 denti.

339 2599 423 2663 Segnia
437 2599 587 2662 propositum
604 2593 727 2644 destituirc
743 2597 823 2643 suum.

258 2691 284 2737 15
305 2676 413 2724 Truncu<
425 2678 485 2723 iners
498 2677 577 2739 jacui,
591 2675 678 2738 species
690 2679 713 2722 ὅ(
725 2675 811 2723 inutile
822 2673 916 2740 pondus
929 2693 937 2724 ι

336 2753 388 2802 Nec
397 2755 450 2802 satis
459 2755 565 2800 crastum
574 2752 623 2809 cst,
635 2769 719 2817 corpus
731 2769 761 2801 an
772 2753 856 2802 umbra
867 2752 958 2801 forem.

304 2831 363 2891 Quae
376 2835 435 2880 mihi
446 2846 545 2879 ventura
557 2830 588 2877 cst
602 2828 739 2895 (siquidem
749 2830 863 2898 ventura)
872 2832 979 2880 senestus
990 2832 999 2879 ³

336 2908 402 2959 Ctim
414 2908 475 2958 desit
486 2910 589 2955 numeris
602 2909 650 2970 ipsa
660 2911 756 2971 juventa
768 2911 822 2957 suis.

304 2986 341 3036 Ah
359 2984 432 3051 pudet
447 2984 579 3033 annorum!
598 3001 647 3048 quo
659 3003 697 3033 mc
710 2991 869 3053 Juvenemque
881 2986 1030 3054 virumque,

258 3071 299 3104 ²0·
337 3065 388 3115 Nec
407 3067 535 3129 juvenem,
551 3078 596 3110 nec
608 3079 647 3110 me
658 3064 729 3115 sensit
740 3069 817 3116 amica
827 3069 916 3118 virum.

304 3146 342 3195 Sic
356 3143 465 3194 flammas
477 3132 570 3192 aditura
580 3143 631 3208 pias
644 3159 730 3195 aeterna
742 3143 850 3196 sacerdos
