2367 3992
315 517 578 582 Hrnorors.
598 506 671 574 Er.
688 503 770 573 III.
858 516 896 569 tt

210 637 246 687 Ex
258 637 456 703 Agamemnoniis
465 649 512 682 una
522 630 602 698 puella
612 627 695 680 tribus.

180 719 204 767 si
212 721 258 766 tibi
269 719 300 766 ab
309 713 392 766 Atrida
400 717 476 779 pretio
487 707 626 761 redimenda
638 705 745 762 fuissem,

214 797 275 856 Quae
287 793 344 844 dare
355 792 468 843 debueras
481 826 489 850 ,
501 792 606 854 accipere
616 788 658 836 illa
670 789 754 852 neges?

182 873 236 934 Qui
246 876 324 922 merui
342 870 413 936 culpi
423 869 474 919 fieti
487 871 531 917 tibi
541 867 611 926 vilis,
624 865 716 915 Achille
727 868 736 913 Ξ

212 952 270 1013 Quo
283 953 341 1000 levis
352 952 445 1000 anobis
456 963 506 997 tam
516 944 566 995 cito
578 945 640 1010 sugit
650 949 735 994 amor?

181 1031 218 1081 An
233 1032 335 1080 miseros
346 1029 417 1078 tristis
432 1029 535 1075 Fortuna
546 1027 660 1073 tenaciter
671 1027 756 1089 urget?

212 1108 266 1157 Nec
278 1113 346 1158 venit
356 1109 456 1171 inceptis
464 1103 562 1152 mollior
572 1119 628 1151 aura
639 1105 712 1152 meis?

181 1186 268 1237 DIruta
278 1189 359 1237 Marte
368 1203 411 1237 tuo
423 1187 535 1249 Lyrnesia
543 1187 632 1234 moenia
643 1180 706 1234 vidi:

213 1266 244 1314 Et
258 1265 351 1314 fueram
360 1268 441 1330 patriae
451 1281 503 1329 pars
514 1279 559 1328 ego
567 1277 654 1325 magna
664 1276 732 1309 meae.

182 1336 240 1393 litii
252 1361 299 1408 ego
311 1345 433 1394 consortes
443 1346 529 1408 pariter
540 1343 677 1408 generisque
689 1340 799 1406 necisque

215 1423 275 1470 Tres
289 1419 401 1471 cecidisse
411 1441 416 1469 t
430 1423 504 1470 tribus
514 1457 521 1481 ‚
533 1437 586 1486 quae
598 1423 673 1479 mihi,
684 1435 761 1468 mater
771 1432 830 1468 etat.

183 1498 238 1549 Vidi
247 1517 312 1566 ego,
324 1515 427 1566 quantus
439 1515 501 1562 erat,
514 1500 593 1549 susum
604 1499 689 1548 tellure
699 1497 814 1558 cruenti,

214 1580 313 1628 Pestota
324 1581 451 1644 ja&antem
466 1579 666 1644 sanguinolenta,
682 1580 771 1627 virum.

184 1656 232 1706 Tot
243 1673 327 1707 tamen
342 1660 432 1706 amissis
448 1659 689 1722 recompensavimus
703 1671 792 1704 unumr

214 1737 253 1784 Tu
265 1733 398 1795 dontinus,
415 1751 440 1785 tu
451 1739 502 1795 vir,
514 1752 540 1785 tu
554 1739 616 1785 mihi
627 1735 698 1784 frater
711 1751 770 1784 erat.

185 1811 222 1862 Tu
235 1816 314 1872 mihi,
328 1818 418 1879 juratus
428 1832 468 1879 per
480 1818 579 1863 numina
594 1815 679 1863 Matris
690 1815 805 1880 aquosae,

215 1892 284 1941 Utile
295 1890 391 1942 dicebas
400 1895 448 1957 ipse
457 1890 525 1942 fuisse
537 1897 598 1957 capi.

185 1970 282 2019 Scilicet
297 1986 342 2030 ut,
358 1975 467 2036 quamvis
481 1975 576 2021 veniam
595 1969 694 2031 dotata,
711 1970 830 2035 repellas5

215 2049 247 2098 Et
263 2066 361 2098 mecum
372 2049 466 2115 fugias,
478 2067 530 2115 quae
542 2052 586 2099 tibi
598 2049 701 2109 dentur,
716 2066 782 2114 opes.

186 2127 249 2188 Quin
260 2130 336 2176 etiam
348 2127 412 2176 fama
423 2129 455 2177 est
467 2164 474 2188 ,
492 2127 546 2177 crim
557 2129 655 2177 crastina
666 2128 759 2177 fulserit
770 2128 832 2189 Eos,

216 2208 252 2256 Te
264 2205 322 2256 dare
334 2207 448 2256 nubiferis
459 2207 520 2256 linea
529 2208 582 2257 vela
591 2210 665 2257 notis.

187 2283 258 2347 Quod
270 2285 346 2335 scelus
358 2301 384 2335 ut
395 2283 490 2350 pavidas
503 2288 593 2335 miserae
605 2289 664 2335 mihi
675 2288 778 2352 contigit
788 2303 870 2348 aures,

217 2368 344 2430 Sanguinis
358 2380 430 2431 atque
441 2369 515 2414 animi
524 2368 602 2430 pestus
612 2369 683 2414 inane
695 2365 750 2414 fuit.

187 2442 231 2492 lbis
244 2463 249 2490 :
262 2447 288 2492 δι
299 2442 331 2498 ὁ,
343 2444 470 2492 miserant!
483 2447 521 2492 cui
533 2461 585 2501 me,
600 2443 723 2503 violente,
739 2445 873 2510 relinques?

219 2521 280 2582 Quis
290 2524 352 2570 mihi
363 2519 458 2571 desettae
469 2525 527 2570 mite
539 2522 648 2572 levamen
659 2524 718 2570 erit?

187 2599 295 2650 Devorer
305 2618 376 2660 ante,
389 2617 489 2666 precor,
501 2602 579 2649 subito
591 2600 681 2649 telluris
693 2602 779 2662 hiatu,

219 2678 268 2728 Aut
280 2679 354 2728 tutilo
366 2682 430 2728 missi
442 2678 548 2728 fulminis
559 2682 614 2742 igne
628 2695 735 2736 cremet;

188 2757 267 2818 Quam
279 2762 330 2807 sine
341 2775 379 2808 me
391 2760 482 2813 Phthiis
497 2759 621 2807 canescant
632 2773 728 2823 aequota
737 2759 825 2818 remis,

217 2839 249 2889 Et
260 2837 358 2888 videam
370 2854 458 2906 puppes
472 2840 505 2885 ire
521 2837 602 2885 relisia
617 2851 677 2885 tuas.

189 2918 211 2966 Si
225 2920 271 2967 tibi
283 2921 333 2983 iam
342 2915 477 2981 reditusque
489 2916 599 2981 placent,
610 2918 727 2981 patriique
739 2931 850 2981 penatet;

220 2998 280 3047 Non
293 3013 339 3062 ego
350 2997 402 3043 sum
414 2995 481 3043 classi
492 2996 581 3043 sarcina
592 3010 678 3059 magna
690 3009 744 3044 tuae.

190 3077 312 3125 Visiorem
324 3079 417 3140 captiva
427 3075 526 3138 sequar,
538 3090 587 3122 non
599 3088 673 3138 nupta
681 3077 808 3122 maritum:

221 3157 261 3205 fst
272 3157 352 3210 mihi,
364 3171 416 3220 quae
432 3153 495 3202 lanas
507 3153 618 3208 molliat,
632 3168 788 3217 apramonus.

190 3234 252 3286 luter
264 3231 397 3287 Achu'iadas
411 3233 482 3300 longe
493 3233 652 3298 pulcherrirna
667 3246 776 3346 rtaatresA
804 3299 809 3310 ι

786 3311 810 3361 Vl
