<?xml version="1.0" encoding="UTF-8"?>
<!DOCTYPE html PUBLIC "-//W3C//DTD XHTML 1.0 Transitional//EN"
    "http://www.w3.org/TR/xhtml1/DTD/xhtml1-transitional.dtd">
<html xmlns="http://www.w3.org/1999/xhtml" xml:lang="en" lang="en">
 <head>
  <title>
</title>
<meta http-equiv="Content-Type" content="text/html;charset=utf-8" />
  <meta name='ocr-system' content='tesseract 3.04.00' />
  <meta name='ocr-capabilities' content='ocr_page ocr_carea ocr_par ocr_line ocrx_word'/>
</head>
<body>
  <div class='ocr_page' id='page_1' title='image "./povidiinasoniso03ovidgoog_0014.png"; bbox 0 0 2367 3992; ppageno 0'>
   <div class='ocr_carea' id='block_1_1' title="bbox 236 496 1010 897">
    <p class='ocr_par' dir='ltr' id='par_1_1' title="bbox 236 496 804 573">
     <span class='ocr_line' id='line_1_1' title="bbox 236 496 804 573; baseline 0.011 -8"><span class='ocrx_word' id='word_1_1' title='bbox 236 496 269 565; x_wconf 81' lang='lat' dir='ltr'>lv</span> <span class='ocrx_word' id='word_1_2' title='bbox 417 500 450 567; x_wconf 89' lang='lat' dir='ltr'><em>P</em></span> <span class='ocrx_word' id='word_1_3' title='bbox 465 503 497 569; x_wconf 82' lang='lat' dir='ltr'><em>R</em></span> <span class='ocrx_word' id='word_1_4' title='bbox 508 502 562 570; x_wconf 75' lang='grc' dir='ltr'>Αἰ</span> <span class='ocrx_word' id='word_1_5' title='bbox 576 504 610 568; x_wconf 88' lang='lat' dir='ltr'><em>F</em></span> <span class='ocrx_word' id='word_1_6' title='bbox 620 501 655 570; x_wconf 80' lang='lat' dir='ltr'><em>A</em></span> <span class='ocrx_word' id='word_1_7' title='bbox 676 505 740 572; x_wconf 88' lang='lat' dir='ltr'>TI</span> <span class='ocrx_word' id='word_1_8' title='bbox 759 505 804 573; x_wconf 85' lang='lat' dir='ltr'>O.</span> 
     </span>
    </p>

    <p class='ocr_par' dir='ltr' id='par_1_2' title="bbox 238 616 1010 897">
     <span class='ocr_line' id='line_1_2' title="bbox 239 616 1010 709; baseline 0.012 -31"><span class='ocrx_word' id='word_1_9' title='bbox 239 616 391 701; x_wconf 88' lang='lat' dir='ltr'>descriptas</span> <span class='ocrx_word' id='word_1_10' title='bbox 414 643 450 682; x_wconf 81' lang='lat' dir='ltr'>ex</span> <span class='ocrx_word' id='word_1_11' title='bbox 470 623 579 684; x_wconf 89' lang='lat' dir='ltr'>Ovidio</span> <span class='ocrx_word' id='word_1_12' title='bbox 601 623 731 706; x_wconf 78' lang='lat' dir='ltr'>impresso</span> <span class='ocrx_word' id='word_1_13' title='bbox 755 627 804 708; x_wconf 87' lang='lat' dir='ltr'>qui</span> <span class='ocrx_word' id='word_1_14' title='bbox 828 624 882 686; x_wconf 89' lang='lat' dir='ltr'>fuit</span> <span class='ocrx_word' id='word_1_15' title='bbox 901 624 1010 709; x_wconf 81' lang='lat' dir='ltr'>Angeli</span> 
     </span>
     <span class='ocr_line' id='line_1_3' title="bbox 238 714 1010 801; baseline 0.006 -24"><span class='ocrx_word' id='word_1_16' title='bbox 238 714 375 777; x_wconf 84' lang='lat' dir='ltr'>Politiani</span> <span class='ocrx_word' id='word_1_17' title='bbox 396 763 407 789; x_wconf 92' lang='lat'>,</span> <span class='ocrx_word' id='word_1_18' title='bbox 436 715 641 801; x_wconf 85' lang='lat' dir='ltr'>affervaturque</span> <span class='ocrx_word' id='word_1_19' title='bbox 669 722 816 782; x_wconf 80' lang='lat' dir='ltr'>Florentiae</span> <span class='ocrx_word' id='word_1_20' title='bbox 842 724 872 782; x_wconf 89' lang='lat' dir='ltr'>in</span> <span class='ocrx_word' id='word_1_21' title='bbox 900 723 1010 782; x_wconf 92' lang='lat' dir='ltr'>biblio-</span> 
     </span>
     <span class='ocr_line' id='line_1_4' title="bbox 240 807 1009 897; baseline 0.008 -27"><span class='ocrx_word' id='word_1_22' title='bbox 240 807 324 871; x_wconf 85' lang='lat' dir='ltr'>theca</span> <span class='ocrx_word' id='word_1_23' title='bbox 348 811 505 884; x_wconf 86' lang='lat' dir='ltr'>Medicea,</span> <span class='ocrx_word' id='word_1_24' title='bbox 526 835 596 895; x_wconf 87' lang='lat' dir='ltr'>quas</span> <span class='ocrx_word' id='word_1_25' title='bbox 620 816 664 874; x_wconf 83' lang='lat' dir='ltr'>vir</span> <span class='ocrx_word' id='word_1_26' title='bbox 685 816 732 874; x_wconf 90' lang='lat' dir='ltr'>ille</span> <span class='ocrx_word' id='word_1_27' title='bbox 754 817 1009 897; x_wconf 86' lang='lat' dir='ltr'>incomparabilis,</span> 
     </span>
    </p>
   </div>
   <div class='ocr_carea' id='block_1_2' title="bbox 241 905 1011 1084">
    <p class='ocr_par' dir='ltr' id='par_1_3' title="bbox 241 905 1011 1084">
     <span class='ocr_line' id='line_1_5' title="bbox 241 905 1011 990; baseline 0.005 -24"><span class='ocrx_word' id='word_1_28' title='bbox 241 915 269 967; x_wconf 77' lang='grc' dir='ltr'>δι</span> <span class='ocrx_word' id='word_1_29' title='bbox 286 905 456 979; x_wconf 83' lang='lat' dir='ltr'>Musarum,</span> <span class='ocrx_word' id='word_1_30' title='bbox 476 907 544 968; x_wconf 90' lang='lat' dir='ltr'>dum</span> <span class='ocrx_word' id='word_1_31' title='bbox 564 911 689 980; x_wconf 88' lang='lat' dir='ltr'>viveret,</span> <span class='ocrx_word' id='word_1_32' title='bbox 710 908 864 982; x_wconf 86' lang='lat' dir='ltr'>delicium,</span> <span class='ocrx_word' id='word_1_33' title='bbox 884 910 1011 990; x_wconf 86' lang='lat' dir='ltr'>ejusdem</span> 
     </span>
     <span class='ocr_line' id='line_1_6' title="bbox 241 1001 969 1084; baseline 0.004 -22"><span class='ocrx_word' id='word_1_34' title='bbox 241 1001 308 1062; x_wconf 86' lang='lat' dir='ltr'>libri</span> <span class='ocrx_word' id='word_1_35' title='bbox 326 1003 382 1062; x_wconf 89' lang='lat' dir='ltr'>oris</span> <span class='ocrx_word' id='word_1_36' title='bbox 402 1023 434 1061; x_wconf 85' lang='lat' dir='ltr'>ex</span> <span class='ocrx_word' id='word_1_37' title='bbox 452 1001 648 1084; x_wconf 86' lang='lat' dir='ltr'>manuscriptis</span> <span class='ocrx_word' id='word_1_38' title='bbox 666 1003 810 1064; x_wconf 76' lang='lat' dir='ltr'>codicibus</span> <span class='ocrx_word' id='word_1_39' title='bbox 825 1005 969 1066; x_wconf 83' lang='lat' dir='ltr'>alleverat.</span> 
     </span>
    </p>
   </div>
   <div class='ocr_carea' id='block_1_3' title="bbox 241 1163 1016 2010">
    <p class='ocr_par' dir='ltr' id='par_1_4' title="bbox 241 1163 1016 2010">
     <span class='ocr_line' id='line_1_7' title="bbox 281 1163 1012 1248; baseline 0.001 -23"><span class='ocrx_word' id='word_1_40' title='bbox 281 1164 336 1225; x_wconf 73' lang='lat' dir='ltr'>Dr</span> <span class='ocrx_word' id='word_1_41' title='bbox 359 1164 443 1226; x_wconf 88' lang='lat' dir='ltr'>nobis</span> <span class='ocrx_word' id='word_1_42' title='bbox 463 1163 531 1226; x_wconf 82' lang='lat' dir='ltr'>verb</span> <span class='ocrx_word' id='word_1_43' title='bbox 551 1213 560 1238; x_wconf 91' lang='lat'>‚</span> <span class='ocrx_word' id='word_1_44' title='bbox 583 1165 612 1225; x_wconf 90' lang='lat' dir='ltr'>id</span> <span class='ocrx_word' id='word_1_45' title='bbox 639 1166 731 1227; x_wconf 93' lang='lat' dir='ltr'>solum</span> <span class='ocrx_word' id='word_1_46' title='bbox 758 1165 844 1248; x_wconf 68' lang='lat' dir='ltr'>quim</span> <span class='ocrx_word' id='word_1_47' title='bbox 865 1165 1012 1226; x_wconf 68' lang='lat' dir='ltr'>verissime</span> 
     </span>
     <span class='ocr_line' id='line_1_8' title="bbox 241 1257 1010 1342; baseline -0.004 -20"><span class='ocrx_word' id='word_1_48' title='bbox 241 1260 335 1322; x_wconf 81' lang='lat' dir='ltr'>dicere</span> <span class='ocrx_word' id='word_1_49' title='bbox 354 1257 518 1342; x_wconf 79' lang='lat' dir='ltr'>possumus,</span> <span class='ocrx_word' id='word_1_50' title='bbox 541 1283 595 1321; x_wconf 91' lang='lat' dir='ltr'>nos</span> <span class='ocrx_word' id='word_1_51' title='bbox 614 1259 661 1320; x_wconf 87' lang='lat' dir='ltr'>hle</span> <span class='ocrx_word' id='word_1_52' title='bbox 680 1282 744 1321; x_wconf 86' lang='lat' dir='ltr'>eam</span> <span class='ocrx_word' id='word_1_53' title='bbox 764 1258 919 1321; x_wconf 73' lang='lat' dir='ltr'>adhibuisse</span> <span class='ocrx_word' id='word_1_54' title='bbox 939 1261 1010 1321; x_wconf 91' lang='lat' dir='ltr'>dili-</span> 
     </span>
     <span class='ocr_line' id='line_1_9' title="bbox 241 1353 1013 1439; baseline 0.004 -26"><span class='ocrx_word' id='word_1_55' title='bbox 241 1356 398 1439; x_wconf 86' lang='lat' dir='ltr'>gentiam,</span> <span class='ocrx_word' id='word_1_56' title='bbox 427 1375 458 1414; x_wconf 92' lang='lat' dir='ltr'>ut</span> <span class='ocrx_word' id='word_1_57' title='bbox 487 1375 645 1435; x_wconf 87' lang='lat' dir='ltr'>numquam</span> <span class='ocrx_word' id='word_1_58' title='bbox 668 1353 791 1415; x_wconf 88' lang='lat' dir='ltr'>Ovidius</span> <span class='ocrx_word' id='word_1_59' title='bbox 813 1356 843 1414; x_wconf 91' lang='lat' dir='ltr'>in</span> <span class='ocrx_word' id='word_1_60' title='bbox 866 1355 1013 1436; x_wconf 86' lang='lat' dir='ltr'>publicam</span> 
     </span>
     <span class='ocr_line' id='line_1_10' title="bbox 242 1447 1011 1531; baseline -0.007 -19"><span class='ocrx_word' id='word_1_61' title='bbox 242 1451 337 1512; x_wconf 90' lang='lat' dir='ltr'>lucem</span> <span class='ocrx_word' id='word_1_62' title='bbox 356 1453 463 1512; x_wconf 88' lang='lat' dir='ltr'>venerit</span> <span class='ocrx_word' id='word_1_63' title='bbox 484 1449 659 1509; x_wconf 85' lang='lat' dir='ltr'>emendatior</span> <span class='ocrx_word' id='word_1_64' title='bbox 679 1472 687 1507; x_wconf 78' lang='lat' dir='ltr'><strong><em>z</em></strong></span> <span class='ocrx_word' id='word_1_65' title='bbox 708 1448 786 1531; x_wconf 93' lang='lat' dir='ltr'>quod</span> <span class='ocrx_word' id='word_1_66' title='bbox 803 1447 888 1510; x_wconf 73' lang='lat' dir='ltr'>facile</span> <span class='ocrx_word' id='word_1_67' title='bbox 908 1448 1011 1530; x_wconf 79' lang='lat' dir='ltr'>depre—</span> 
     </span>
     <span class='ocr_line' id='line_1_11' title="bbox 244 1543 1013 1628; baseline 0.001 -23"><span class='ocrx_word' id='word_1_68' title='bbox 244 1544 389 1617; x_wconf 89' lang='lat' dir='ltr'>hendent,</span> <span class='ocrx_word' id='word_1_69' title='bbox 406 1548 456 1628; x_wconf 89' lang='lat' dir='ltr'>qui</span> <span class='ocrx_word' id='word_1_70' title='bbox 478 1543 551 1606; x_wconf 90' lang='lat' dir='ltr'>hanc</span> <span class='ocrx_word' id='word_1_71' title='bbox 569 1543 692 1606; x_wconf 85' lang='lat' dir='ltr'>nostram</span> <span class='ocrx_word' id='word_1_72' title='bbox 712 1546 868 1608; x_wconf 89' lang='lat' dir='ltr'>editionem</span> <span class='ocrx_word' id='word_1_73' title='bbox 885 1547 932 1606; x_wconf 84' lang='lat' dir='ltr'>vel</span> <span class='ocrx_word' id='word_1_74' title='bbox 947 1568 1013 1606; x_wconf 90' lang='lat' dir='ltr'>cum</span> 
     </span>
     <span class='ocr_line' id='line_1_12' title="bbox 243 1640 1014 1723; baseline 0.003 -23"><span class='ocrx_word' id='word_1_75' title='bbox 243 1640 479 1702; x_wconf 85' lang='lat' dir='ltr'>emendatissimis</span> <span class='ocrx_word' id='word_1_76' title='bbox 503 1641 680 1701; x_wconf 82' lang='lat' dir='ltr'>contulerint.</span> <span class='ocrx_word' id='word_1_77' title='bbox 705 1641 773 1718; x_wconf 90' lang='lat' dir='ltr'>Qua</span> <span class='ocrx_word' id='word_1_78' title='bbox 791 1642 822 1701; x_wconf 92' lang='lat' dir='ltr'>in</span> <span class='ocrx_word' id='word_1_79' title='bbox 845 1662 874 1700; x_wconf 91' lang='lat' dir='ltr'>re</span> <span class='ocrx_word' id='word_1_80' title='bbox 899 1643 1014 1723; x_wconf 86' lang='lat' dir='ltr'>quia&amp;</span> 
     </span>
     <span class='ocr_line' id='line_1_13' title="bbox 243 1734 1015 1817; baseline 0.003 -23"><span class='ocrx_word' id='word_1_81' title='bbox 243 1734 389 1795; x_wconf 88' lang='lat' dir='ltr'>literarum</span> <span class='ocrx_word' id='word_1_82' title='bbox 407 1734 538 1806; x_wconf 90' lang='lat' dir='ltr'>laudem,</span> <span class='ocrx_word' id='word_1_83' title='bbox 551 1743 578 1796; x_wconf 88' lang='lat'>&amp;</span> <span class='ocrx_word' id='word_1_84' title='bbox 592 1736 766 1794; x_wconf 86' lang='lat' dir='ltr'>literatorum</span> <span class='ocrx_word' id='word_1_85' title='bbox 784 1737 935 1796; x_wconf 85' lang='lat' dir='ltr'>utilitatem</span> <span class='ocrx_word' id='word_1_86' title='bbox 950 1734 1015 1817; x_wconf 90' lang='lat' dir='ltr'>spe-</span> 
     </span>
     <span class='ocr_line' id='line_1_14' title="bbox 246 1827 1016 1914; baseline -0.003 -22"><span class='ocrx_word' id='word_1_87' title='bbox 246 1833 407 1905; x_wconf 60' lang='lat' dir='ltr'>ctavimus,</span> <span class='ocrx_word' id='word_1_88' title='bbox 426 1852 522 1892; x_wconf 86' lang='lat' dir='ltr'>curam</span> <span class='ocrx_word' id='word_1_89' title='bbox 544 1828 668 1890; x_wconf 88' lang='lat' dir='ltr'>nostram</span> <span class='ocrx_word' id='word_1_90' title='bbox 687 1831 770 1889; x_wconf 87' lang='lat' dir='ltr'>nobis</span> <span class='ocrx_word' id='word_1_91' title='bbox 792 1832 887 1913; x_wconf 84' lang='lat' dir='ltr'>gratiae</span> <span class='ocrx_word' id='word_1_92' title='bbox 908 1827 1016 1914; x_wconf 84' lang='lat' dir='ltr'>apponi</span> 
     </span>
     <span class='ocr_line' id='line_1_15' title="bbox 244 1921 878 2010; baseline -0.003 -22"><span class='ocrx_word' id='word_1_93' title='bbox 244 1948 399 2010; x_wconf 87' lang='lat' dir='ltr'>optamus,</span> <span class='ocrx_word' id='word_1_94' title='bbox 418 1927 625 2009; x_wconf 87' lang='lat' dir='ltr'>&amp;appositum</span> <span class='ocrx_word' id='word_1_95' title='bbox 645 1925 679 1984; x_wconf 91' lang='lat' dir='ltr'>iri</span> <span class='ocrx_word' id='word_1_96' title='bbox 699 1921 878 1986; x_wconf 82' lang='lat' dir='ltr'>confidimus.</span> 
     </span>
    </p>
   </div>
   <div class='ocr_carea' id='block_1_4' title="bbox 235 2085 1018 2915">
    <p class='ocr_par' dir='ltr' id='par_1_5' title="bbox 235 2085 1018 2915">
     <span class='ocr_line' id='line_1_16' title="bbox 285 2085 1015 2170; baseline -0.003 -19"><span class='ocrx_word' id='word_1_97' title='bbox 285 2089 316 2151; x_wconf 91' lang='lat' dir='ltr'>T</span> <span class='ocrx_word' id='word_1_98' title='bbox 325 2109 347 2152; x_wconf 94' lang='lat' dir='ltr'>o</span> <span class='ocrx_word' id='word_1_99' title='bbox 358 2112 382 2151; x_wconf 78' lang='lat' dir='ltr'>ru</span> <span class='ocrx_word' id='word_1_100' title='bbox 393 2109 415 2152; x_wconf 90' lang='lat' dir='ltr'>o</span> <span class='ocrx_word' id='word_1_101' title='bbox 436 2088 559 2150; x_wconf 89' lang='lat' dir='ltr'>secundo</span> <span class='ocrx_word' id='word_1_102' title='bbox 578 2087 640 2170; x_wconf 89' lang='lat' dir='ltr'>post</span> <span class='ocrx_word' id='word_1_103' title='bbox 652 2085 901 2169; x_wconf 88' lang='lat' dir='ltr'>Metamorphoses</span> <span class='ocrx_word' id='word_1_104' title='bbox 920 2086 1015 2170; x_wconf 85' lang='lat' dir='ltr'>subje-</span> 
     </span>
     <span class='ocr_line' id='line_1_17' title="bbox 246 2184 1015 2264; baseline -0.001 -19"><span class='ocrx_word' id='word_1_105' title='bbox 246 2187 338 2245; x_wconf 88' lang='lat' dir='ltr'>cimus</span> <span class='ocrx_word' id='word_1_106' title='bbox 355 2184 478 2244; x_wconf 87' lang='lat' dir='ltr'>indicem</span> <span class='ocrx_word' id='word_1_107' title='bbox 497 2184 768 2264; x_wconf 87' lang='lat' dir='ltr'>locupletissimum,</span> <span class='ocrx_word' id='word_1_108' title='bbox 789 2204 847 2264; x_wconf 90' lang='lat' dir='ltr'>quo</span> <span class='ocrx_word' id='word_1_109' title='bbox 864 2185 1015 2245; x_wconf 89' lang='lat' dir='ltr'>continen-</span> 
     </span>
     <span class='ocr_line' id='line_1_18' title="bbox 249 2276 1015 2360; baseline -0.001 -21"><span class='ocrx_word' id='word_1_110' title='bbox 249 2299 294 2339; x_wconf 88' lang='lat' dir='ltr'>tur</span> <span class='ocrx_word' id='word_1_111' title='bbox 310 2281 429 2339; x_wconf 89' lang='lat' dir='ltr'>nomina</span> <span class='ocrx_word' id='word_1_112' title='bbox 446 2280 557 2360; x_wconf 90' lang='lat' dir='ltr'>propria</span> <span class='ocrx_word' id='word_1_113' title='bbox 574 2280 673 2338; x_wconf 88' lang='lat' dir='ltr'>omnia</span> <span class='ocrx_word' id='word_1_114' title='bbox 692 2277 842 2347; x_wconf 88' lang='lat' dir='ltr'>Deorum,</span> <span class='ocrx_word' id='word_1_115' title='bbox 860 2276 1015 2350; x_wconf 86' lang='lat' dir='ltr'>Heroum,</span> 
     </span>
     <span class='ocr_line' id='line_1_19' title="bbox 247 2369 1017 2454; baseline 0.001 -19"><span class='ocrx_word' id='word_1_116' title='bbox 247 2376 417 2445; x_wconf 88' lang='lat' dir='ltr'>Virorum,</span> <span class='ocrx_word' id='word_1_117' title='bbox 443 2382 495 2434; x_wconf 82' lang='lat' dir='ltr'>&amp;c</span> <span class='ocrx_word' id='word_1_118' title='bbox 523 2394 645 2454; x_wconf 87' lang='lat' dir='ltr'>quorum</span> <span class='ocrx_word' id='word_1_119' title='bbox 672 2374 781 2432; x_wconf 90' lang='lat' dir='ltr'>mentio</span> <span class='ocrx_word' id='word_1_120' title='bbox 808 2374 838 2432; x_wconf 89' lang='lat' dir='ltr'>in</span> <span class='ocrx_word' id='word_1_121' title='bbox 865 2369 910 2432; x_wconf 90' lang='lat' dir='ltr'>his</span> <span class='ocrx_word' id='word_1_122' title='bbox 937 2373 1017 2436; x_wconf 85' lang='lat' dir='ltr'>libris</span> 
     </span>
     <span class='ocr_line' id='line_1_20' title="bbox 249 2465 1017 2554; baseline -0.001 -25"><span class='ocrx_word' id='word_1_123' title='bbox 249 2470 412 2554; x_wconf 86' lang='lat' dir='ltr'>quindecim</span> <span class='ocrx_word' id='word_1_124' title='bbox 433 2470 573 2538; x_wconf 89' lang='lat' dir='ltr'>occurrit,</span> <span class='ocrx_word' id='word_1_125' title='bbox 596 2466 669 2526; x_wconf 89' lang='lat' dir='ltr'>unde</span> <span class='ocrx_word' id='word_1_126' title='bbox 691 2468 761 2527; x_wconf 93' lang='lat' dir='ltr'>locis</span> <span class='ocrx_word' id='word_1_127' title='bbox 784 2465 870 2547; x_wconf 63' lang='lat' dir='ltr'>qu‘am</span> <span class='ocrx_word' id='word_1_128' title='bbox 888 2468 1017 2547; x_wconf 82' lang='lat' dir='ltr'>plurimis</span> 
     </span>
     <span class='ocr_line' id='line_1_21' title="bbox 250 2561 1018 2645; baseline -0.001 -19"><span class='ocrx_word' id='word_1_129' title='bbox 250 2564 364 2626; x_wconf 85' lang='lat' dir='ltr'>accedet</span> <span class='ocrx_word' id='word_1_130' title='bbox 378 2565 446 2624; x_wconf 89' lang='lat' dir='ltr'>lucis</span> <span class='ocrx_word' id='word_1_131' title='bbox 464 2585 523 2623; x_wconf 92' lang='lat' dir='ltr'>non</span> <span class='ocrx_word' id='word_1_132' title='bbox 540 2583 648 2642; x_wconf 91' lang='lat' dir='ltr'>parum.</span> <span class='ocrx_word' id='word_1_133' title='bbox 665 2561 785 2632; x_wconf 82' lang='lat' dir='ltr'>leones,</span> <span class='ocrx_word' id='word_1_134' title='bbox 804 2583 866 2643; x_wconf 84' lang='lat' dir='ltr'>quae</span> <span class='ocrx_word' id='word_1_135' title='bbox 885 2567 1018 2645; x_wconf 86' lang='lat' dir='ltr'>cujusque</span> 
     </span>
     <span class='ocr_line' id='line_1_22' title="bbox 235 2656 1017 2742; baseline 0.001 -23"><span class='ocrx_word' id='word_1_136' title='bbox 235 2662 352 2732; x_wconf 90' lang='lat' dir='ltr'>.tomi‚</span> <span class='ocrx_word' id='word_1_137' title='bbox 377 2679 438 2720; x_wconf 89' lang='lat' dir='ltr'>tum</span> <span class='ocrx_word' id='word_1_138' title='bbox 462 2656 585 2718; x_wconf 84' lang='lat' dir='ltr'>frontem</span> <span class='ocrx_word' id='word_1_139' title='bbox 611 2701 621 2727; x_wconf 91' lang='lat'>,</span> <span class='ocrx_word' id='word_1_140' title='bbox 646 2673 708 2716; x_wconf 88' lang='lat' dir='ltr'>tum</span> <span class='ocrx_word' id='word_1_141' title='bbox 733 2658 856 2738; x_wconf 86' lang='lat' dir='ltr'>primam</span> <span class='ocrx_word' id='word_1_142' title='bbox 881 2660 1017 2742; x_wconf 86' lang='lat' dir='ltr'>paginam</span> 
     </span>
     <span class='ocr_line' id='line_1_23' title="bbox 251 2749 1018 2826; baseline 0 -11"><span class='ocrx_word' id='word_1_143' title='bbox 251 2774 410 2826; x_wconf 85' lang='lat' dir='ltr'>exornant,</span> <span class='ocrx_word' id='word_1_144' title='bbox 431 2755 461 2814; x_wconf 92' lang='lat' dir='ltr'>in</span> <span class='ocrx_word' id='word_1_145' title='bbox 481 2750 537 2813; x_wconf 88' lang='lat' dir='ltr'>fine</span> <span class='ocrx_word' id='word_1_146' title='bbox 559 2753 633 2812; x_wconf 91' lang='lat' dir='ltr'>tomi</span> <span class='ocrx_word' id='word_1_147' title='bbox 654 2750 791 2824; x_wconf 90' lang='lat' dir='ltr'>secundi,</span> <span class='ocrx_word' id='word_1_148' title='bbox 813 2749 894 2814; x_wconf 89' lang='lat' dir='ltr'>suam</span> <span class='ocrx_word' id='word_1_149' title='bbox 919 2751 1018 2815; x_wconf 83' lang='lat' dir='ltr'>decla·</span> 
     </span>
     <span class='ocr_line' id='line_1_24' title="bbox 250 2847 765 2915; baseline -0.004 -3"><span class='ocrx_word' id='word_1_150' title='bbox 250 2854 391 2915; x_wconf 84' lang='lat' dir='ltr'>rationem</span> <span class='ocrx_word' id='word_1_151' title='bbox 410 2847 525 2915; x_wconf 88' lang='lat' dir='ltr'>habent.</span> <span class='ocrx_word' id='word_1_152' title='bbox 545 2848 622 2909; x_wconf 87' lang='lat' dir='ltr'>Vale</span> <span class='ocrx_word' id='word_1_153' title='bbox 643 2856 670 2908; x_wconf 89' lang='lat'>&amp;</span> <span class='ocrx_word' id='word_1_154' title='bbox 691 2847 765 2910; x_wconf 86' lang='lat' dir='ltr'>fave.</span> 
     </span>
    </p>
   </div>
   <div class='ocr_carea' id='block_1_5' title="bbox 552 3056 720 3136">
    <p class='ocr_par' dir='ltr' id='par_1_6' title="bbox 552 3056 720 3136">
     <span class='ocr_line' id='line_1_25' title="bbox 552 3056 720 3136; baseline 0.012 -2"><span class='ocrx_word' id='word_1_155' title='bbox 552 3056 720 3136; x_wconf 56' lang='grc' dir='ltr'>ΨΜ</span> 
     </span>
    </p>
   </div>
   <div class='ocr_carea' id='block_1_6' title="bbox 0 0 1208 3992">
    <p class='ocr_par' dir='ltr' id='par_1_7' title="bbox 0 0 1208 3992">
     <span class='ocr_line' id='line_1_26' title="bbox 0 0 1208 3992; baseline 0 0"><span class='ocrx_word' id='word_1_156' title='bbox 0 0 1208 3992; x_wconf 95' lang='lat' dir='ltr'> </span> 
     </span>
    </p>
   </div>
  </div>
 </body>
</html>
