2367 3992
268 394 336 527 {⁸32
392 435 587 505 Ovrnrr
629 438 857 506 NAsours

265 561 365 612 Decidit
373 580 378 611 =
387 576 458 628 atque
465 560 565 623 cadens,
573 561 657 621 Pater,
665 559 763 626 ὄρειοι,
771 560 881 621 auferor,
890 561 976 626 inquit,
990 561 992 567 '

298 639 442 691 Clauserunt
457 638 543 690 titides
557 656 600 690 nra
610 640 729 706 loquentis
741 646 817 705 aquai.

266 717 299 768 At
311 735 377 783 pater
393 719 492 773 infelix,
508 724 556 783 iam
567 735 617 768 non
628 718 800 784 pater31care,
817 716 918 766 clamat.

299 795 364 846 lcare
374 833 382 858 ‚
394 797 499 858 clamat,
511 799 551 848 ubi
566 800 606 847 esi
622 814 700 863 quote
711 798 754 845 sub
764 813 807 845 axe
818 795 903 846 volas?

217 879 247 924 95
266 872 330 923 Icare
342 909 350 933 ‚
361 874 480 924 clamabat
491 893 497 922 =
510 891 598 939 pennas
608 875 696 939 aspexit
705 876 732 922 in
742 871 822 923 undis.

300 948 357 1001 oua
375 955 434 1016 tegit
448 952 516 1001 tellus
526 970 534 1010 i
545 967 641 1017 aquosa
649 968 740 1001 nornen
749 953 848 1002 habent.

267 1028 324 1079 Non
335 1032 415 1095 potuit
424 1030 506 1078 Minos
513 1030 619 1079 hominis
628 1032 778 1094 compescere
789 1045 893 1094 pennata

298 1108 349 1172 lpse
360 1105 440 1156 Deum
449 1106 573 1157 volucrem
584 1105 711 1157 detinuill'e
719 1124 788 1174 paro.

266 1185 386 1247 Fallitur,
403 1186 540 1237 liemonias
551 1189 570 1235 si
581 1190 635 1253 quis
649 1184 753 1236 decurrit
763 1184 794 1236 ad
809 1201 888 1246 artcs;

223 1270 268 1304 ¹⁰0
300 1263 412 1332 Datque,
426 1262 493 1332 quod
507 1281 521 1314 a
532 1267 607 1315 teneri
618 1265 697 1315 fronte
707 1263 807 1315 revellet
819 1267 886 1330 equi.

266 1340 324 1392 Non
334 1342 438 1403 facient,
450 1357 477 1391 ur
485 1345 550 1392 vivat
560 1359 646 1401 amor,
658 1340 783 1392 Medeides
796 1343 895 1402 herbaea

299 1420 423 1486 Mixtaque
433 1437 488 1469 cum
500 1423 599 1486 magicis
610 1423 685 1470 nenia
696 1421 776 1469 Marsa
786 1422 861 1469 sonis.
967 1456 970 1460 -

265 1496 361 1548 Phasias
375 1497 522 1559 AEsoniden,
536 1497 608 1548 Circe
620 1495 731 1548 tenuiffet
741 1495 873 1562 Ulyffem·‚
935 1537 937 1543 .

299 1577 322 1624 Si
333 1575 410 1626 model
425 1579 509 1626 servari
524 1579 629 1625 carmine
640 1579 715 1641 possit
724 1582 803 1626 amor.

221 1652 318 1711 105Nec
329 1645 385 1703 da‘ra
393 1654 527 1718 profuerint
539 1653 652 1721 pallentia
662 1654 752 1719 philtra
762 1655 849 1720 puellis
861 1675 870 1706 t

299 1731 390 1781 Philtra
403 1747 492 1782 nocent
503 1735 606 1793 animis,
617 1734 716 1798 vimque
727 1732 813 1782 furoris
826 1736 926 1786 habent.

266 1811 302 1860 Sit
311 1811 396 1876 procul
410 1828 483 1860 omne
494 1811 613 1861 nefastus
627 1813 729 1870 ameris,
742 1813 851 1862 amabilis
862 1814 928 1864 estoa
995 1806 997 1811 ’

298 1886 371 1948 Quod
385 1889 428 1938 ribi
443 1905 491 1938 nou
505 1889 595 1949 iacies,
607 1888 686 1939 solave
697 1888 791 1948 forma,
802 1889 882 1941 dabir.

265 1967 300 2016 Sis
316 1967 371 2016 licet
382 1969 483 2033 antiquo
491 1967 575 2016 Nireus
586 1964 708 2017 adamatus
720 1966 845 2028 homero,

218 2051 265 2087 ¹10
295 2041 464 2111 Naiadumque
476 2060 542 2095 tener
551 2047 653 2095 crimine
662 2059 741 2110 raptus
751 2044 835 2106 Hylas.

264 2121 299 2172 Ut
310 2120 435 2172 dominam
446 2137 537 2182 teneas,
553 2139 597 2172 uec
606 2138 630 2172 te
640 2126 726 2171 mirere
737 2122 863 2182 refilium,

296 2201 387 2264 Ingenii
406 2197 473 2250 dotes
491 2205 597 2265 corporis
609 2199 669 2251 adde
680 2202 758 2250 bonis.

264 2279 349 2328 Forma
356 2279 446 2326 bonum
455 2278 575 2343 fragileest
581 2298 589 2326 t
596 2295 759 2345 quantumque
766 2277 893 2329 acceditad
898 2295 986 2342 annot,

296 2357 314 2405 F
316 2359 335 2406 it
344 2355 421 2404 minoi
431 2374 437 2402 t
451 2359 475 2404 &
487 2357 564 2421 spatio
574 2360 677 2422 carpitur
685 2358 735 2421 ipsa
747 2358 799 2405 suo.

217 2434 315 2492 ¹¹5Ncc
324 2434 396 2484 viola
405 2435 508 2498 semper,
520 2451 563 2484 nec
574 2436 665 2484 hiantia
676 2433 837 2484 liliafloreuts

230 2533 235 2543 ·
295 2512 327 2562 Et
337 2516 397 2578 riget
410 2512 495 2562 amissi
507 2514 572 2576 spina
583 2513 662 2562 relicta
673 2513 734 2562 rosi.
820 2548 827 2570 .

262 2591 294 2641 Et
306 2593 348 2640 ribi
363 2596 411 2656 jam
422 2594 474 2640 cani
488 2593 602 2649 venient,
616 2589 740 2650 formose,
756 2590 852 2656 capilli:

295 2671 348 2719 iam
359 2674 455 2720 venient
465 2686 528 2735 rugae
537 2704 545 2728 ‚
555 2685 607 2735 quae
621 2670 665 2718 tibi
676 2684 762 2732 corpus
772 2683 849 2718 arent.

263 2747 316 2796 Jam
327 2747 413 2797 molire
423 2751 530 2797 animum
540 2782 548 2806 ‚
560 2751 603 2812 qui
611 2746 680 2796 duret
690 2765 697 2805 3
716 2748 824 2795 &astrue
837 2747 937 2799 forma.

219 2831 263 2867 uo
297 2823 364 2872 Solus
376 2824 406 2874 ad
422 2841 539 2874 extremos
552 2841 674 2890 permanet
683 2825 724 2873 ille
737 2841 816 2889 rogos.

266 2900 317 2952 Nec
331 2900 390 2961 leuis
403 2904 514 2965 ingenuas
525 2899 710 2966 pelluscoluilie
724 2920 764 2965 per
777 2919 837 2952 artes

297 2977 363 3028 Cura
373 2981 420 3035 sit,
440 2982 464 3025 δι
476 2978 566 3041 linguas
578 2978 700 3027 edidiciile
712 2978 779 3030 duas.

265 3057 323 3110 Non
335 3055 452 3104 formosus
469 3070 535 3114 erat,
548 3054 586 3104 sed
599 3072 649 3106 erat
660 3058 775 3107 facundus
787 3058 897 3123 Ulyilcae

297 3133 329 3185 Et
338 3149 419 3184 tamen
429 3150 548 3202 aequoreas
561 3140 630 3186 torsit
641 3153 723 3189 amore
738 3137 813 3188 Deae.
836 3162 841 3174 ·
