2367 3992
263 472 326 556 138
385 466 588 534 Ovrnrr
619 460 870 572 Anonnnr

228 602 231 609 ·
260 589 358 638 Labitur
374 586 468 638 occulte
478 622 486 647 ,
498 586 608 651 fallitque
619 585 724 635 volatilis
735 601 807 643 aetas3

214 674 243 720 50
293 666 328 716 Ur
340 667 402 715 celer
412 664 519 715 admissis
534 665 622 714 labitur
635 667 711 713 amnis
721 668 797 730 aquis.

260 742 318 792 AEra
327 748 404 793 nitent
412 746 453 792 usu
466 762 472 791 t
485 743 552 792 veliis
566 744 630 792 bona
641 746 726 808 quaerit
736 743 833 791 haberit

295 820 431 870 Canescunt
442 824 504 886 turpi
516 823 575 869 tesia
585 821 666 869 relisae
677 823 733 869 situ.

262 900 363 959 forma,
375 902 420 948 nisi
432 897 561 959 admittas,
574 897 643 947 nullo
652 912 790 958 exercente,
801 899 915 946 senescit:

296 976 347 1025 Nec
363 978 418 1025 satis
430 974 525 1026 effeuus
536 992 596 1024 unus
607 979 631 1024 δι
641 976 700 1025 alter
710 977 807 1025 habent.

217 1073 244 1120 55
263 1053 360 1105 Certior
371 1071 384 1103 e
402 1055 499 1114 multia,
513 1070 558 1103 nec
570 1069 620 1103 tam
632 1052 750 1104 invidiosa
761 1058 843 1119 rapina
853 1053 900 1101 cst:

298 1133 370 1182 Plena
383 1136 449 1182 venit
459 1135 523 1181 canis
538 1129 568 1180 de
582 1149 652 1197 grege
665 1130 743 1197 praeda
754 1131 825 1196 lupis.

264 1211 340 1271 Ecce,
353 1209 412 1277 quid
427 1212 468 1259 isle
480 1227 533 1259 tuus
547 1225 631 1274 praeter
640 1227 704 1259 nova
717 1214 822 1259 carmina
832 1224 897 1258 vates

298 1288 381 1337 Donat
392 1292 400 1337 Ξ
419 1292 532 1338 amatoris
542 1288 621 1337 millia
629 1288 706 1336 multa
719 1287 791 1353 leges.

266 1366 317 1431 lpse
327 1365 392 1418 Deus
403 1382 501 1426 varum,
513 1363 578 1430 palla
589 1366 719 1430 spestabilis
731 1364 818 1427 aurel,

219 1445 250 1484 60
299 1445 395 1502 Tradat
405 1447 518 1492 inauratae
529 1445 634 1492 consona
649 1442 689 1492 fila
700 1444 765 1506 lyrae.

268 1523 316 1584 Qui
328 1521 410 1581 dabit,
423 1521 464 1570 ille
476 1524 520 1570 tibi
530 1538 619 1586 magno
630 1525 661 1570 sit
669 1526 747 1586 maior
761 1521 869 1571 Homero
881 1539 889 1568 e

290 1597 378 1650 xCrede
389 1603 450 1648 mihi
460 1618 467 1658 3
477 1617 514 1648 res
525 1600 558 1648 est
567 1602 706 1665 ingeniosa,
717 1599 783 1650 dare.

267 1678 319 1728 Nec
332 1694 356 1727 tu
367 1713 373 1737 ,
388 1681 406 1727 si
417 1681 470 1744 quis
486 1681 531 1727 erit
542 1681 625 1742 capitis
636 1677 746 1728 mercede
757 1675 892 1732 redemtus.

300 1757 401 1822 Despice
411 1759 503 1822 gypsati
514 1759 605 1805 crimen
616 1759 685 1805 inane
695 1754 770 1821 pedis.

221 1831 236 1872 ⁶
240 1839 249 1886 5
269 1834 320 1884 Nec
339 1849 361 1883 te
376 1832 496 1901 decipiant
507 1849 597 1884 veteres
608 1838 759 1901 quinquatria
770 1850 844 1883 ceraee

302 1913 374 1961 Tolle
383 1928 436 1962 tuos
450 1928 529 1962 tecum
538 1947 546 1973 ,
555 1929 643 1979 pauper
653 1928 759 1972 amator,
774 1929 840 1962 avos.

270 1990 353 2052 Quid?
370 1995 426 2057 quia
436 1992 534 2057 pulcher
542 1995 602 2051 erit,
614 1994 695 2056 poscet
705 1995 754 2040 sine
770 2007 869 2039 munere
879 1990 991 2039 uosiem?

303 2067 376 2129 Quod
388 2068 444 2129 det,
456 2086 588 2118 amatorem
604 2068 696 2134 flagitet
712 2084 766 2118 ante
777 2071 855 2116 suum.

270 2148 365 2196 Parcius
376 2150 465 2212 exigito
472 2149 593 2211 pretium,
605 2144 664 2195 dum
671 2150 731 2196 retia
741 2144 834 2207 tendis,

223 2243 256 2290 70
304 2225 342 2274 Ne
354 2225 463 2290 fugiant:
477 2239 558 2288 captos
574 2223 665 2288 legibus
676 2241 717 2273 ure
729 2228 785 2273 tuis.

273 2303 324 2355 Nec
339 2306 423 2352 nocuit
434 2302 558 2350 simulatus
573 2318 659 2360 amor3
670 2304 719 2350 sine
730 2299 811 2350 credat
822 2302 897 2351 amari
909 2320 916 2350 ι

306 2378 352 2431 Sed
370 2396 440 2440 cave,
453 2396 482 2428 ne
494 2383 565 2443 gratis
576 2379 615 2428 hic
627 2380 670 2428 cibi
680 2380 771 2428 constet
781 2396 860 2429 amor.

274 2462 339 2525 Saepe
352 2475 411 2524 nega
421 2461 500 2508 nosies
511 2477 517 2506 ι
527 2461 611 2524 capitis
622 2455 698 2507 modo
710 2456 773 2524 finge
782 2457 909 2518 dolorem3

307 2538 338 2588 Et
355 2535 447 2597 modo,
462 2553 514 2603 quae
525 2539 605 2586 causas
615 2537 734 2602 prebeat,
750 2538 791 2585 isis
802 2540 855 2586 erit.

222 2608 252 2690 7q
272 2617 333 2668 Mox
347 2621 438 2684 recipe,
455 2633 481 2666 ut
492 2616 587 2665 nullum
597 2613 704 2681 patiendi
716 2615 817 2681 colligat
830 2617 920 2674 usum;

307 2696 375 2747 Neve
389 2695 528 2745 relentescat
538 2696 597 2760 saepe
608 2694 712 2761 repulsus
727 2711 803 2743 amor.

275 2773 350 2824 Surda
360 2777 391 2824 sit
401 2777 479 2823 oranti
490 2789 531 2823 tua
542 2774 633 2833 ianua,
648 2772 701 2822 lara
712 2773 806 2822 fetenti.

308 2850 396 2901 Audiat
407 2852 495 2900 exclusi
506 2851 578 2899 verba
588 2866 696 2914 receptus
707 2866 797 2899 amans.

275 2929 325 2989 Et,
338 2932 405 2994 quasi
416 2930 469 2977 laesa
475 2930 560 2991 prior,
575 2943 758 2993 nonnumquam
768 2931 866 2978 irascere
878 2928 954 2980 laeso:

226 3007 260 3056 80
309 3007 425 3056 Vanescat
438 3004 509 3069 culpi
519 3003 590 3068 culpa
600 3007 695 3068 repensa
706 3007 755 3056 tui.

278 3083 323 3136 Sed
337 3101 468 3150 numquam
482 3080 574 3131 dederis
585 3084 714 3148 spaciosum
727 3102 819 3154 tempus
830 3089 926 3137 initam
937 3105 946 3136 a

310 3165 374 3232 Saepe
385 3162 515 3214 simultates
524 3164 559 3212 ira
570 3178 663 3214 morata
673 3163 741 3216 facit.
