2367 3992
291 477 420 545 Lrnnn
457 475 508 544 II.
541 472 709 542 ntroin
745 475 789 543 V.
842 495 905 567 155

228 596 345 657 Auferor,
356 612 382 646 ut
393 594 475 661 rapidi
486 599 580 647 concita
590 598 675 662 puppis
686 593 757 661 aqui.

191 672 253 726 Non
267 676 299 725 est
309 691 373 725 certa
384 693 451 724 meos
462 692 515 741 qua·
529 676 608 725 forma
618 677 696 724 irritet
706 688 813 722 amores=

227 753 400 804 Centumsunt
411 756 501 814 causae,
513 770 555 804 cur
565 770 610 819 ego
622 755 713 817 semper
723 767 813 800 amem.
836 772 840 777 ·
931 771 960 804 ro

190 835 248 882 Sive
263 833 342 899 aliqua
353 833 386 881 est
396 831 479 881 oculos
489 834 514 880 in
524 833 548 880 se
559 830 649 897 dejedla
658 827 796 889 modestos,

225 909 290 959 Uror
302 928 308 957 t
321 914 345 959 &
362 907 454 958 insidia
463 911 516 958 sunt
525 907 603 975 pudor
613 909 655 958 ille
666 925 734 958 meae.

190 989 247 1037 Sive
261 1005 349 1052 procax
363 989 442 1054 aliqua
453 988 500 1047 est,
512 991 592 1052 capior
602 1005 610 1046 3
622 991 678 1052 quia
689 987 773 1036 rustica
780 1002 831 1036 non
839 985 890 1046 est,

224 1067 343 1132 Spemque
355 1064 396 1115 dat
408 1069 432 1114 in
446 1066 517 1115 molli
530 1066 628 1115 mobilis
639 1061 685 1114 else
699 1056 763 1115 tor'o.

188 1145 278 1207 aspera
290 1146 308 1192 si
323 1146 373 1194 visa
384 1144 430 1198 est,
447 1141 580 1208 rigidasque
591 1146 684 1192 imitata
695 1145 806 1203 Sabinas;
929 1162 956 1209 ¹5

222 1221 294 1270 Velle
306 1257 315 1281 ‚
330 1220 371 1270 sed
382 1220 467 1269 exalto
478 1219 641 1281 dissimulare,
652 1236 721 1287 puto.

189 1302 245 1351 Sive
256 1301 289 1348 est
307 1297 393 1358 dolia,
405 1297 484 1363 placet
494 1297 650 1361 rarasdotata
659 1316 700 1364 per
710 1313 770 1351 artes
782 1318 790 1349 a

224 1381 278 1429 Sive
297 1375 362 1427 rudis
374 1396 381 1435 3
398 1375 490 1441 placeat
504 1377 657 1441 simplicitate
671 1376 720 1426 sui.

186 1455 248 1517 Est,
265 1473 320 1522 quae
332 1454 476 1505 Callimachi
490 1471 538 1519 prae
549 1455 633 1503 nostris
644 1456 728 1505 rustica
740 1455 805 1506 dicat

225 1532 342 1584 Carmina
354 1553 361 1581 ε
372 1536 410 1582 cui
419 1532 503 1598 placeo
514 1568 521 1591 ‚
532 1536 641 1599 protinus
652 1536 702 1600 ipsa
714 1534 800 1599 placet.
928 1545 960 1576 ²⁰

187 1610 231 1661 Est
242 1617 330 1669 etiam,
343 1627 394 1677 quae
404 1625 528 1661 menatem
540 1615 563 1658 ὅ(
574 1628 627 1661 mea
638 1615 743 1661 carmina
751 1613 832 1680 culpet
843 1633 851 1664 τ

222 1690 350 1754 Culpantis
367 1693 461 1755 cupiam
472 1686 601 1737 sustinuiss'e
613 1689 699 1740 femur.

187 1767 301 1818 Molliter
314 1764 421 1827 incedit,
438 1780 508 1814 motu
518 1768 581 1830 capit
591 1785 597 1813 ι
607 1766 680 1816 altera
690 1766 750 1817 dura
760 1769 809 1828 est3

222 1847 254 1895 At
271 1849 359 1911 poterit
369 1848 431 1895 callo
444 1843 543 1895 mollior
554 1841 600 1892 effe
610 1848 671 1894 viro.

187 1924 248 1974 Haec
265 1927 326 1989 quia·
335 1923 404 1972 dulce
414 1926 496 1982 canit,
514 1922 635 1988 flectitque
645 1908 761 1974 facillima
769 1940 854 1977 vocem
867 1932 875 1985 ‚'
927 1944 955 1991 25

222 2002 311 2050 Oscula
321 2004 428 2051 cantanti
442 2015 509 2065 rapta
520 1998 609 2049 dcdill'e
621 2001 703 2053 velim.

186 2079 247 2129 Haec
257 2080 369 2144 querulas
380 2078 436 2143 agili
447 2082 563 2143 percurrit
574 2079 661 2143 pollice
671 2077 787 2130 chordas:

222 2158 283 2205 Tam
292 2155 373 2206 dodias
385 2159 437 2222 quis
445 2172 495 2205 non
504 2161 579 2220 possit
586 2174 665 2206 amate
676 2162 776 2209 manus?

186 2233 235 2283 illa
244 2234 324 2298 placet
334 2233 399 2299 gestu
408 2269 417 2294 ‚
427 2237 598 2300 numerosaque
608 2236 703 2285 brachii
714 2236 798 2300 ducit,

220 2313 252 2362 Et
265 2328 372 2362 tenerum
384 2312 455 2362 molli
465 2329 560 2380 torquet
570 2316 599 2362 ab
609 2331 659 2364 arte
670 2314 739 2365 latus.
926 2327 957 2372 30

185 2391 223 2440 Ut
238 2406 328 2441 taceam
337 2391 366 2442 de
376 2409 432 2454 me,
444 2395 485 2459 qui
496 2392 565 2442 causi
576 2409 661 2464 tangor
671 2395 700 2442 ab
711 2396 797 2454 omni3

222 2470 277 2520 lllic
294 2472 455 2543 Hippolytum
469 2489 550 2537 pone,
566 2458 731 2538 Priapus'erit.
793 2535 796 2541 Ι

185 2550 244 2608 Tu,
257 2551 369 2614 quianam
380 2550 452 2615 longa
464 2567 502 2610 es,
513 2565 603 2601 veteres
615 2549 732 2601 Heto'idas
745 2551 822 2617 aequas
832 2568 841 2609 ς

220 2627 252 2675 Et
263 2643 328 2691 potes
339 2627 364 2676 iri
376 2643 429 2678 toto
441 2627 518 2677 multi
526 2632 603 2694 jacere
614 2642 678 2678 toro.

184 2704 245 2757 Haec
256 2706 340 2754 habilis
352 2708 466 2755 brevitate
479 2705 520 2754 sui
529 2725 536 2753 t
545 2723 687 2771 corrumpor
698 2706 812 2774 utrique:
869 2761 873 2768 ,
924 2722 952 2769 35

220 2781 375 2833 Conveniunt
386 2801 446 2834 voto
459 2785 530 2848 longa
542 2785 665 2850 brevisque
678 2802 741 2834 meo.

184 2859 244 2912 Non
257 2862 289 2910 est
300 2863 365 2911 culta
372 2881 379 2921 3
392 2865 455 2911 snbit
465 2861 524 2928 quid
535 2862 606 2910 culta
616 2861 727 2912 accedere
737 2869 821 2928 possit.

219 2939 310 2988 Ornata
326 2939 374 2999 esta
390 2939 457 2990 dotes
473 2942 568 2991 exhibet
578 2940 621 2989 illa
632 2944 691 2990 suas.

183 3014 297 3067 Candida
311 3035 350 3067 me
364 3022 457 3083 capiet:
469 3024 547 3085 capiet
556 3038 594 3069 mc
604 3019 664 3071 ilaus
676 3022 772 3087 puella:

218 3094 258 3143 Est
266 3098 338 3144 etiam
351 3096 419 3145 lusco
429 3111 494 3161 grata
504 3098 584 3148 colore
596 3100 685 3150 Venus.

183 3175 231 3225 Seu
240 3173 347 3240 pendent
356 3175 426 3226 nivei
436 3175 497 3242 pulli
506 3170 597 3228 cetiice
607 3178 703 3245 capilli5

746 3242 804 3310 cvj
