2367 3992
260 459 327 504 212
394 435 578 506 O'vrnrr
614 430 844 507 NAsonrs

258 560 374 625 Auspiciis
384 564 516 626 animisque
530 564 617 626 patris,
628 571 704 626 puer,
716 577 783 609 arma
793 559 914 610 movebis:

291 638 323 688 Et
332 642 412 688 vinces
422 643 506 689 animis
516 642 672 704 auspiciisque
686 642 768 703 patris.

259 716 318 764 Tale
335 716 498 768 rudimentum
511 732 578 767 tanto
589 718 632 765 sub
643 720 742 766 nomine
755 714 845 776 debes,-

291 794 362 844 Nunc
378 800 491 860 Juvenum
502 799 627 861 princeps,
640 793 727 844 deinde
741 795 821 844 future
834 797 922 842 senum.

213 869 324 929 rsrcum
337 874 380 921 tibi
391 876 437 921 sint
448 873 544 932 fratres,
559 873 643 922 fratres
653 873 765 922 ulciscere
780 873 868 922 laesoss
893 918 900 936 ,

293 948 405 1014 Cumque
418 965 486 1014 pater
495 952 539 999 tibi
550 954 592 1005 sit,
603 956 655 1015 jura
667 965 732 999 tuere
746 954 829 1016 patris.

260 1025 340 1076 Induit
352 1043 417 1075 arma
432 1028 475 1076 tibi
487 1031 581 1093 genitor
592 1031 721 1094 patriaque
734 1019 835 1095 tuusque
845 1047 853 1078 a

295 1105 373 1153 Hoslis
384 1106 413 1152 ab
423 1108 501 1154 inviro
516 1122 588 1171 regna
599 1121 697 1171 parente
711 1110 783 1171 rapit.

261 1183 299 1230 Tu
312 1186 349 1247 pia
361 1183 408 1232 tela
421 1180 500 1243 feres,
513 1183 635 1233 sceleratas
647 1184 689 1232 ille
700 1185 818 1249 sagittare

216 1276 262 1310 :00
296 1261 396 1311 Stabunt
407 1277 450 1326 pro
461 1262 532 1325 signis
546 1265 629 1327 jusque
640 1264 753 1327 piumque
766 1265 822 1311 tuis.

264 1342 399 1392 Vincuntur
415 1338 485 1389 causi
504 1340 742 1397 Parthi‚<vincantur
759 1343 784 1389 δι
803 1342 883 1388 armis.

296 1419 357 1468 ans
373 1419 441 1466 Lario
453 1415 501 1466 dux
511 1433 576 1466 meus
587 1415 661 1467 addat
670 1435 737 1482 opes.

264 1498 377 1562 Marsque
391 1510 473 1560 pater,
487 1495 613 1560 Caesarque
625 1511 703 1560 pater,
716 1493 771 1544 date
782 1506 873 1544 numen
884 1493 961 1542 eunti:

297 1575 361 1623 Nam
373 1573 437 1621 Deus
450 1590 462 1621 e
478 1574 545 1622 vobis
562 1572 622 1622 alter
633 1591 674 1629 es,
690 1574 750 1622 alter
762 1576 817 1622 erle.

220 1651 376 1722 205huguror
392 1662 437 1709 tn,
453 1652 549 1709 vincess
566 1655 695 1717 votivaque
710 1654 817 1701 carmina
836 1649 948 1701 reddam:

299 1729 330 1777 Et
344 1745 432 1794 magno
448 1730 516 1777 nobis
532 1746 573 1777 ore
584 1728 702 1778 sonandus
717 1733 772 1778 eris.

267 1807 388 1858 Consistes
400 1842 408 1865 ‚
425 1809 548 1871 aciemque
559 1810 618 1856 meis
629 1809 754 1856 hortabere
764 1807 843 1856 verbis
855 1825 862 1855 ε

302 1887 323 1934 Ο
335 1885 343 1936 l
362 1884 440 1934 desint
453 1889 538 1941 animis
549 1903 579 1934 ne
591 1903 645 1934 mea
658 1887 730 1935 verba
742 1885 803 1935 tuis!

269 1967 394 2031 Tergaque
404 1965 563 2024 Parthorum,
579 1964 735 2029 Romanaque
752 1965 846 2028 pedion
858 1962 936 2014 dicam
945 1981 954 2023 ς

221 2060 267 2094 aro
301 2044 407 2110 Telaque
418 2077 429 2103 ‚
439 2044 468 2091 ab
480 2044 561 2093 averso
572 2059 625 2108 quae
641 2044 700 2107 jacit
710 2041 782 2090 hostis
796 2058 869 2107 equo.

269 2121 318 2181 Qui
330 2119 392 2185 sugis
403 2155 412 2180 ,
424 2124 559 2179 uenimus,
570 2118 828 2186 quidviuo,the,
840 2119 972 2184 relinquis?

302 2196 387 2245 Partho
400 2232 408 2256 ‚
421 2197 513 2246 malum
521 2202 570 2263 iarn
581 2213 644 2246 nunc
652 2198 717 2246 Mars
727 2211 782 2247 tuus
792 2213 865 2246 omcn
876 2199 956 2245 hnhct.

178 2298 191 2319 ο
270 2275 335 2340 Ergo
347 2277 392 2324 erit
409 2275 452 2323 illa
463 2273 532 2333 dies,
549 2274 598 2340 qud
615 2290 654 2330 tu,
671 2275 831 2340 pulcherrime
844 2291 941 2337 rerum,

304 2353 412 2419 Quatuor
422 2356 447 2401 in
457 2355 532 2402 niveis
544 2369 627 2402 aureus
637 2355 681 2403 ibis
692 2355 774 2419 equis!

223 2431 342 2503 215lbunt
352 2446 405 2480 aute
417 2429 488 2480 duces
502 2434 595 2480 onerati
610 2431 673 2480 colla
684 2435 787 2491 catenis5

304 2510 342 2560 Ne
355 2513 445 2574 possint
459 2513 518 2570 tuti,
530 2509 579 2577 qud
588 2513 668 2574 prius,
680 2507 726 2558 elle
738 2510 805 2575 fugi.

273 2589 415 2654 Spesiabunt
424 2587 472 2637 laeti
484 2591 594 2652 juvenes,
605 2590 733 2652 mixtaque
744 2587 846 2653 puellae

249 2685 258 2709 s
305 2665 480 2732 Diffundetque
491 2669 583 2716 animos
595 2667 708 2715 omnibus
718 2667 760 2715 ista
770 2665 830 2715 dies.

272 2745 351 2809 Atque
365 2745 444 2809 aliqua
456 2762 483 2792 ex
494 2743 608 2793 illiscdm
619 2746 715 2809 Regum
724 2747 823 2794 nomina
833 2760 925 2809 quaeret
936 2780 949 2803 ,

229 2847 274 2881 220
308 2821 367 2880 Quae
377 2821 446 2881 loca,
458 2826 499 2888 qui
510 2838 621 2882 montes,
637 2839 719 2888 quave
732 2823 837 2872 serantur
848 2839 916 2887 aqum
927 2842 938 2882 ·‚

276 2900 364 2949 Omnia
381 2899 513 2964 responde,
527 2915 571 2950 nec
582 2900 677 2949 tantum
688 2903 706 2948 si
717 2917 764 2966 qua
775 2888 870 2965 rogabit
881 2919 890 2948 r

308 2977 339 3026 Et
353 2993 409 3042 quae
425 2979 550 3032 nescieris,
562 2992 588 3027 ut
603 2979 661 3026 bene
675 2994 733 3027 nora
748 2979 817 3028 refer.

277 3058 323 3121 Hic
333 3055 365 3104 est
379 3055 525 3120 Euphrates,
538 3059 674 3120 praecinslus
686 3056 801 3106 arundine
812 3056 939 3110 fronttma

228 3129 233 3139 ‘
309 3133 358 3187 Cui
369 3150 439 3187 coma
449 3131 567 3201 dependet
578 3135 681 3195 caerula,
693 3135 771 3200 Tigris
782 3136 835 3185 erit.
