2367 3992
190 433 197 447 ι
314 349 441 417 imm
472 351 544 419 III.
574 351 742 420 ErnnrA
770 355 834 425 VI.
871 361 936 444 187

235 503 318 543 a„
390 571 394 579 ,
500 459 917 560 Qffifflss==z=a

386 627 642 692 ELEGIA
683 631 758 694 VI.

214 717 334 838 Amara
343 807 371 839 rs
382 824 389 851 ,
402 790 557 841 arundinibus
569 792 668 842 limosas
679 796 757 846 obsite
765 797 844 862 ripas,

245 866 283 916 Ad
300 866 426 918 dominam
441 879 560 936 proper03
580 872 632 920 siste
648 872 774 938 parumper
787 891 869 940 aquas.

211 943 262 994 Nec
280 946 325 994 tibi
336 949 390 996 sunt
400 963 500 1012 pontes3
512 965 572 1008 nec,
585 966 638 1014 quae
647 954 696 1000 sine
707 955 803 1017 remigis
813 956 875 1013 inu,

241 1021 358 1075 Concava
369 1030 467 1092 trajetio
476 1028 563 1089 cymba
574 1025 674 1076 rudente
685 1031 765 1078 vehat.

209 1100 295 1153 Parvus
307 1119 377 1163 eras,
395 1106 513 1152 memini:
527 1121 571 1152 nec
584 1120 607 1152 te
618 1108 715 1154 transire
726 1106 819 1171 refugi3
953 1129 964 1174 5

240 1182 388 1248 Summaque
399 1185 440 1233 vix
456 1182 517 1231 talos
534 1182 713 1254 contigirunda
723 1202 798 1233 aneos.

207 1256 278 1309 Nunc
289 1262 338 1310 ruis
350 1295 359 1321 ,
374 1265 484 1326 apposito
496 1263 591 1310 nivibus
603 1260 633 1310 de
645 1277 730 1311 monte
741 1263 824 1313 solutis
834 1280 843 1323 3

238 1338 271 1387 Et
282 1342 345 1404 turpi
356 1337 440 1388 erallas
450 1342 544 1405 gurgite
555 1341 634 1390 volvis
645 1358 727 1406 aquas.

205 1414 273 1477 Quid
287 1414 420 1482 properalle
431 1422 515 1484 juvat?
527 1417 585 1486 quid
597 1436 667 1486 parca
677 1417 768 1469 dediffe
779 1423 856 1487 quieti

237 1496 376 1562 Tempora?
392 1496 451 1562 quid
462 1500 525 1547 nodi
537 1496 680 1548 conseruisse
693 1497 779 1549 diem?
948 1517 977 1550 ro

203 1574 228 1622 si
245 1589 328 1623 tamen
343 1573 383 1623 hic
394 1574 517 1634 standum3
535 1579 553 1623 si
569 1593 620 1625 non
636 1575 706 1626 datur
722 1579 811 1628 artibus
824 1579 880 1628 ullis

235 1652 344 1703 Ulterior
354 1655 435 1703 nostro
448 1658 498 1718 ripa
510 1652 641 1718 premenda
656 1652 721 1718 pedi.

201 1731 275 1781 Nunc
291 1748 353 1797 ego,
369 1749 427 1797 quas
443 1733 527 1780 habuit
542 1747 631 1795 pennas
647 1732 769 1780 Danaeius
781 1733 868 1792 heros,

235 1809 349 1858 Terribili
360 1808 459 1859 densum
473 1809 530 1864 crim
549 1811 605 1858 tulit
620 1825 697 1874 angue
710 1825 794 1872 caput:

200 1885 273 1937 Nunc
286 1903 346 1952 opto
360 1905 471 1947 currum,
484 1886 514 1935 de
528 1904 578 1953 quo
590 1887 701 1937 Cerealia
715 1888 821 1953 primaim
945 1895 971 1944 ¹5

233 1969 330 2016 Semina
340 1982 457 2018 venerunt
467 1969 492 2014 in
504 1965 563 2016 rude
574 1963 644 2016 milla
656 1965 744 2016 solunt.

198 2043 342 2110 Prodigiosa
356 2045 444 2110 loquor
457 2060 565 2094 veterum
578 2044 703 2094 mendacia
713 2059 796 2096 vatum
809 2063 816 2093 ε

231 2123 285 2173 Nec
297 2124 354 2173 tulit
364 2124 433 2183 haec,
445 2139 488 2172 nec
505 2124 564 2178 fert,
578 2141 622 2173 nec
634 2125 694 2173 feret
704 2123 755 2172 ulla
765 2122 823 2174 dies.

197 2203 237 2253 Tu
248 2205 347 2268 potius,
359 2204 415 2267 ripis
429 2201 502 2251 effuse
513 2203 637 2268 capacibus
647 2205 740 2260 amnia,

231 2280 288 2348 (Sic
299 2297 398 2330 aternus
410 2281 463 2330 eas!
476 2282 487 2348 l
500 2282 578 2330 labere
589 2282 636 2331 fine
648 2298 700 2332 tuo.
938 2296 970 2330 20

196 2357 255 2406 Non
274 2362 318 2407 eris
328 2357 443 2419 invidiae,
456 2374 565 2419 torrens,
579 2363 639 2408 mibi
652 2359 737 2421 crede,
750 2358 868 2422 ferendae,

228 2439 253 2485 Si
264 2435 331 2486 dicar
340 2453 381 2502 per
395 2454 417 2487 te
429 2436 490 2488 fottd
501 2453 605 2486 retentus
617 2456 708 2487 amans.

195 2512 308 2562 flumina
325 2514 438 2567 deberent
450 2520 546 2582 juvenes
558 2520 583 2565 in
598 2534 679 2565 amore
689 2520 786 2581 juvaret

229 2592 341 2642 Flumina
356 2597 476 2644 senserunt
487 2597 536 2659 ipsa
550 2630 557 2654 ,
571 2595 629 2661 quid
644 2594 701 2644 effet
714 2613 791 2645 amor.

195 2668 297 2719 Inachus
308 2675 333 2720 in
343 2673 418 2722 Melie
431 2673 561 2736 Bithynide
575 2673 678 2738 pallidus
694 2673 737 2724 irie

226 2747 344 2807 Dicitur,
363 2754 387 2798 δι
402 2750 486 2816 gelidis
501 2749 625 2801 incaluisse
638 2752 715 2803 vadis.

193 2823 313 2876 Nondum
333 2828 406 2891 Troia
419 2830 464 2878 fuit
477 2830 552 2880 lustris
562 2830 654 2883 obsella
665 2832 772 2892 duobus,

226 2902 293 2952 Crlm
305 2908 383 2969 rapuit
393 2906 490 2967 vultus,
505 2910 618 2971 Xantho,
631 2913 715 2963 Neaera
727 2929 791 2972 tuos,

194 2979 280 3040 Quid?
299 2999 348 3031 non
365 2983 476 3048 Alpheon
492 2985 589 3038 diversis
607 3007 699 3040 currere
715 2999 781 3043 terris

224 3057 331 3130 Virginis
342 3060 448 3115 Arcadiae
460 3078 536 3116 certus
547 3064 627 3136 adegit
637 3086 704 3121 arnor
714 3074 722 3120 i
