2367 3992
276 493 556 562 Drsroerroort
576 484 798 555 Prrrt'trnr.
845 502 909 571 337

190 599 313 662 Poscunt,
324 602 505 666 Demophoon,
518 596 577 663 quid
590 593 663 646 celsas
674 600 683 645 ἓ
694 596 789 645 carbasa
799 597 882 642 renti:

222 679 388 746 Demophoon
402 681 492 742 patrios
507 679 595 742 respice
609 675 667 725 dure
683 675 758 724 Deos.
930 688 960 734 30

191 756 289 822 Respice
299 762 340 807 t&
352 757 487 822 exemplum
499 791 507 816 ,
522 756 569 821 qui
584 752 688 819 gaudes,
701 751 813 817 Phyllida
824 755 899 802 sume.

223 835 262 882 Sic
277 850 360 894 amat,
374 850 400 883 ut
414 833 476 883 terri
490 834 553 883 nolit
568 835 633 882 abire
647 832 698 881 sui:

189 910 273 976 thue
288 910 364 962 redire
380 912 456 970 velis,
468 928 517 960 non
530 927 557 961 ut
570 914 700 960 comitetur
714 923 830 971 euntem,

224 988 259 1035 Te
275 1005 344 1054 rogat
359 1008 365 1037 ε
379 992 403 1038 &
416 989 511 1053 praesert
522 989 621 1037 barbara
634 1003 707 1052 regna
721 990 777 1037 tuis.

189 1063 233 1112 Me
245 1079 325 1114 tamen
337 1068 388 1115 haec
399 1069 460 1114 irrtet
470 1069 573 1114 tacitum
583 1067 694 1114 convicia
703 1067 763 1130 saepe
930 1083 957 1129 35

221 1140 333 1191 Adversis
347 1145 448 1190 memini
462 1158 519 1191 uota
531 1138 612 1190 tulisse
626 1141 707 1191 Notis.
973 1155 976 1159 ·

188 1221 255 1285 Saepe
267 1221 360 1268 abitura
371 1236 412 1269 tuo
424 1235 554 1286 ponentem
566 1220 663 1268 brachia
677 1220 762 1280 collo,

222 1299 336 1348 Gavisum
351 1301 376 1348 io
389 1297 472 1347 fluidus
486 1314 582 1364 aequora
596 1313 663 1346 mota
676 1313 763 1347 truces.

189 1376 243 1426 Nec
253 1392 362 1426 metuam
374 1380 421 1425 hoc
432 1379 483 1442 ipso
496 1393 577 1425 coram
585 1379 696 1441 genitore
708 1375 793 1436 sateri5

221 1456 327 1505 Libertas
339 1459 431 1505 meritis
446 1456 478 1504 est
491 1457 551 1504 mihi
567 1455 628 1503 sosia
643 1458 707 1503 tuis:

187 1531 293 1592 Dicere,
308 1532 365 1582 Non
379 1531 439 1583 duro
452 1532 563 1583 dilectam
575 1531 688 1595 Phyllida
701 1531 762 1598 liqui

221 1610 318 1659 Peeiore
332 1630 339 1660 r
352 1627 396 1660 nec
410 1627 512 1676 praecepr
522 1609 578 1660 vela
592 1608 690 1658 ferenda
704 1608 769 1660 dedi.

186 1684 219 1736 Et
231 1687 304 1747 flevi3
316 1693 359 1747 bt,
376 1688 474 1737 flentem
490 1688 591 1736 solando
606 1690 681 1751 saepe,
694 1691 796 1738 remansi

220 1765 286 1814 Ctim
299 1766 369 1815 staret
381 1765 462 1814 cursis
475 1769 524 1831 jaro
536 1766 596 1812 mihi
607 1779 671 1813 certa
683 1762 742 1814 dies.

154 1905 156 1909 ι
186 1842 299 1908 Denique
311 1841 424 1893 Thriicii
436 1846 490 1893 veni
502 1857 551 1892 rate
564 1860 571 1890 r
582 1857 633 1890 non
643 1839 699 1890 dare
710 1842 802 1904 Phyllis

220 1921 300 1982 Quam
311 1926 409 1987 potuit,
424 1924 492 1989 jussit
504 1919 592 1970 tarditls
605 1923 639 1970 ire
651 1934 735 1969 ratem.

185 1996 285 2062 ignosce
296 2002 321 2048 δι
335 1997 395 2049 fasso
407 2018 413 2048 e
426 2017 520 2049 memor
530 2015 553 2048 es
565 1996 696 2048 Menoidos
709 2016 715 2045 r
727 2000 776 2063 ipse

219 2076 338 2142 Antiquus
350 2076 454 2128 necdum
465 2080 559 2143 pesiore
571 2079 642 2125 cessit
653 2093 729 2124 amor.

185 2150 217 2203 Et
228 2158 322 2220 quoties
337 2156 414 2205 oculis
427 2153 562 2205 circumdat
575 2153 652 2204 sidera
663 2153 761 2214 ,'dixit‚

218 2233 277 2293 Quae
290 2234 367 2299 fulget
378 2234 442 2283 coelo
455 2269 463 2293 ‚
477 2234 556 2285 nostra
570 2233 651 2299 puella
662 2233 717 2283 suit.

183 2309 258 2360 lllurn
275 2311 360 2362 diletis
375 2313 480 2362 Bacchus
492 2313 537 2362 sibi
554 2310 637 2362 cedere
650 2314 719 2378 iussit

217 2389 329 2456 Coniuge
346 2409 352 2439 ε
369 2389 465 2441 desertae
481 2394 572 2440 crimen
588 2390 667 2440 atille
682 2393 754 2440 subit.

183 2462 348 2532 Exemploque
363 2472 435 2532 patris
450 2472 556 2532 periurus
570 2465 638 2515 ditor
649 2469 673 2515 δι
685 2468 734 2530 ipse

218 2544 269 2592 Nec
287 2548 372 2608 quaeris
388 2546 483 2598 causas,
497 2546 592 2592 Sithoni
608 2541 686 2604 dura,
699 2560 790 2594 moraet

183 2619 236 2670 Nec
247 2622 302 2667 setis
313 2621 392 2684 anrpla
403 2636 470 2685 putas
483 2619 582 2670 redituri
593 2623 710 2685 pignora,
722 2625 741 2669 si
752 2639 792 2671 me

218 2697 276 2745 Non
287 2713 356 2746 amor
367 2697 462 2747 alterius
473 2734 481 2759 ,
493 2715 543 2747 non
555 2715 623 2748 amor
634 2698 696 2747 ullus
706 2700 787 2749 habet.

183 2775 290 2827 Nullane
303 2776 366 2825 sarna
380 2777 424 2826 tibi
441 2778 562 2836 turbatos,
578 2776 659 2839 Phylli
671 2812 679 2836 ,
689 2792 785 2842 penates

216 2856 334 2914 Theseos,
350 2858 374 2904 δι
391 2858 480 2904 miserae
494 2855 576 2906 retulit
593 2857 643 2906 aua
656 2853 760 2907 domuit?

182 2933 240 2983 Non
252 2933 350 3003 laqueos
364 2933 432 2984 audis
446 2937 494 2983 cari
505 2932 610 2982 meslete
623 2938 746 2998 parentis?

215 3011 329 3061 flebilior
343 3011 451 3076 laqueis,
465 3014 503 3062 hei
515 3013 575 3061 mihi
586 3013 593 3061 l
606 3014 674 3062 causa
685 3015 770 3067 subeih
918 3041 950 3084 σο

182 3086 240 3138 Non
251 3089 349 3140 fratrem
362 3089 524 3153 Hyppolitum
536 3108 543 3138 t
558 3088 645 3139 cecidit
655 3094 795 3147 miserabilis
807 3101 867 3168 slie,

215 3167 320 3232 Preceps
332 3170 442 3219 attonitis
453 3184 494 3235 per
506 3167 567 3220 freta
581 3183 663 3235 raptus
674 3174 749 3236 equis.

218 3244 285 3294 Tem.
302 3248 324 3295 Ι.
799 3253 819 3306 Ρ
