2367 3992
393 482 701 576 Vrer.
941 468 974 546 ix

208 602 308 664 eruditi
324 601 489 666 existiment.
506 605 578 682 Quat
591 608 621 666 in
634 607 673 664 eis
685 603 748 664 sunt
761 606 884 663 virorum
899 606 973 683 epis-

207 688 286 757 tolae,
298 707 337 746 eae
348 688 477 747 videntur
488 685 540 746 else
550 688 619 746 Auli
630 687 747 755 Sabini,
759 694 848 765 po'erae
858 686 975 763 optimi,

208 777 235 828 &
250 768 362 827 Ovidio
376 770 488 850 aequalis
504 771 571 840 ,uti
584 777 611 829 &
628 767 816 836 Laodamiae,
835 766 971 834 Helena,

207 848 299 908 Herris
315 859 343 910 &
363 850 517 932 Cydippes.
532 849 676 910 Heroidas
689 848 796 929 scripsit
814 845 896 909 Naso
913 845 975 928 post

207 932 330 1014 elegias,
347 953 423 992 anno
434 935 522 992 atatis
536 931 594 991 feri
607 934 759 991 tricesimo.

247 1014 293 1072 ll.
311 1013 465 1074 Anornn
481 1015 568 1074 libros
582 1015 707 1095 quinque
720 1010 884 1092 scripserat,
901 1031 974 1092 quos

206 1092 303 1174 postea
320 1093 379 1175 ipse
394 1094 554 1173 diligentiis
565 1098 725 1178 recognitos
739 1094 775 1155 ad
791 1115 844 1155 tres
855 1093 973 1176 redegit.

206 1175 252 1236 De
264 1176 371 1258 quibus
383 1180 422 1237 sic
434 1159 527 1237 [satuit
539 1175 703 1238 loachimus
715 1177 903 1237 Camerarius.
913 1174 975 1234 »in

200 1283 225 1324 ‚n
238 1257 343 1317 Ovidii
354 1258 450 1342 elegiis
458 1280 519 1339 quae
530 1259 589 1319 laus
599 1261 703 1319 eminet
714 1258 857 1318 lPrimum
865 1258 975 1341 ingenii¹

207 1365 227 1390 υ
241 1358 321 1398 tanta
340 1340 405 1410 vis,
424 1359 484 1399 ram
500 1341 589 1423 agiles
607 1359 723 1420 tamque
741 1340 840 1400 celeres
858 1358 975 1410 motus,

206 1446 226 1473 ι»
239 1439 301 1480 tarn
313 1440 425 1501 promta
436 1419 572 1493 facultas,
581 1440 659 1482 tanta
669 1423 782 1481 bonitas
793 1423 823 1481 in
833 1418 886 1480 hac
897 1440 974 1502 parte
1020 1465 1021 1472 κ

206 1529 225 1554 π
240 1521 359 1569 narurae,
374 1522 419 1574 ut,
433 1504 462 1562 in
474 1502 551 1562 facili
562 1512 588 1563 &
598 1503 780 1582 extemporali
792 1523 891 1585 genere
900 1523 975 1583 quc·

206 1611 226 1636 ³2
240 1583 332 1656 dam,
352 1581 424 1643 nihil
437 1585 576 1665 reperias,
596 1606 655 1644 non
670 1581 760 1644 soltim
772 1583 851 1666 quod
864 1581 972 1664 scriptis

206 1692 226 1718 υ
241 1667 330 1746 ipsius
343 1664 479 1727 anteferre
489 1711 498 1736 ,
507 1663 555 1725 sed
565 1687 600 1725 ne
612 1664 737 1727 conferre
748 1664 864 1748 quidem
875 1668 977 1745 possis:

207 1774 226 1800 η
239 1745 314 1807 nihil
325 1750 355 1807 in
367 1749 421 1808 illis
435 1747 597 1828 quesitum,
607 1745 678 1808 nihil
689 1748 813 1808 anxium.
822 1744 974 1808 Sententiis

206 1856 227 1882 π
240 1830 329 1890 verba
340 1828 581 1913 urgentur,verba
591 1827 741 1889 sententias
750 1831 876 1888 incitant.
884 1827 975 1888 Nulla

207 1936 228 1963 a
242 1911 461 1990 copia,nullum
469 1931 685 1982 ornamentum,
694 1909 771 1972 nulla
780 1911 902 1994 insignia
911 1906 976 1969 sunt

206 2018 227 2046 ιο
241 1993 398 2064 orationis,
414 2015 476 2074 quae
492 2015 551 2052 non
570 1990 736 2076 investigata
752 2012 802 2052 aut
817 1992 976 2073 conquisita

205 2101 228 2127 υ
244 2073 365 2136 fuerint.
379 2102 399 2128 n
410 2074 452 2134 Hi
465 2071 548 2154 porri>
563 2074 628 2133 libri
639 2070 703 2134 sunt
712 2074 803 2154 prima
812 2094 890 2133 venae
900 2071 976 2133 Ovi-

206 2155 301 2216 dianae
315 2153 489 2235 specimina,
501 2154 683 2236 inchoatique
695 2176 771 2214 anno
781 2157 870 2215 aetatis
881 2154 975 2236 primo

208 2245 234 2297 &
247 2239 396 2298 vicesimo.
412 2237 541 2298 Corinna
555 2257 672 2307 autem,
687 2238 745 2296 illic
756 2233 828 2297 adei)
840 2235 976 2297 decanta·

207 2336 257 2390 ta,
274 2338 324 2378 aut
334 2327 423 2398 po'e'rae
436 2317 521 2378 nostri
535 2317 607 2380 setus
619 2316 678 2389 est,
691 2339 759 2389 aur,
771 2321 833 2380 sire
844 2316 975 2378 veritex·

208 2398 278 2460 stitit
288 2447 297 2471 ‚
306 2421 437 2482 quaenam
450 2400 552 2472 fuerit,
566 2422 600 2460 ne
612 2401 716 2481 viginti
727 2400 843 2480 quidem
854 2397 917 2480 post
927 2421 976 2461 an-

208 2504 260 2542 nos
274 2527 282 2551 ‚
298 2483 430 2562 cuiquam
444 2485 612 2542 innotuerat.
624 2465 693 2542 Non
711 2480 785 2541 Julia
799 2478 920 2562 Augusti
933 2478 974 2539 fi-

208 2565 268 2634 lia,
286 2564 323 2623 ad
337 2585 424 2644 quarn
440 2565 511 2623 certe
525 2560 640 2624 venisset
651 2572 754 2644 poeta,
768 2583 856 2643 quum
871 2559 973 2623 Ovidii

208 2645 341 2706 Corinna
355 2646 392 2704 ad
408 2643 499 2726 ipsum
513 2647 662 2705 ventitaret
672 2666 679 2704 :
691 2665 749 2704 non
761 2643 776 2703 J
779 2644 835 2702 ulia
853 2643 974 2728 Augusti

206 2728 324 2807 neptis,
347 2748 408 2807 quae
428 2749 517 2808 quum
538 2723 590 2787 hos
613 2723 700 2786 libros
720 2733 804 2806 po‘e‘ta
822 2722 974 2798 scriberet,

205 2807 338 2869 nondum
355 2828 421 2868 nata
438 2828 504 2869 erat.

249 2890 303 2949 111.
315 2890 362 2948 Dr
372 2891 441 2950 Arre
452 2891 578 2950 Amandi
588 2889 675 2949 libros
687 2907 758 2960 tres,
770 2889 899 2972 elegiacis
910 2909 976 2947 vern

207 2973 285 3032 sibus
304 2969 411 3052 scripsit
426 2995 502 3032 anno
517 2975 556 3034 U.
577 2972 614 3033 C.
634 2992 750 3030 occrrr.
770 2973 857 3030 atatis
877 2989 973 3030 autem

209 3075 277 3114 xm.
292 3053 376 3132 Opus
388 3056 482 3114 cereris
494 3054 619 3134 ejusdem
630 3073 706 3113 venat
718 3051 808 3112 nihilo
820 3052 945 3112 inferius.

249 3134 471 3276 iivsrRfflmA
485 3135 603 3198 'Amoris
621 3135 729 3218 scripsit
746 3137 862 3198 nonita
880 3135 971 3194 multo

209 3236 249 3298 po
327 3234 395 3279 tem.
