2367 3992
264 476 336 554 '312
388 462 593 531 Ονιοιι
620 461 854 527 NAsoms

299 587 363 634 Imus
383 589 408 634 in
419 601 526 635 extremo
541 586 648 648 margine
662 580 749 631 fundus
763 581 845 630 haber.

218 685 247 740 ⁶5
267 664 325 714 Non
335 667 394 714 mihi
405 663 453 713 falx
463 665 548 712 nimias
558 663 667 710 Saturnia
678 658 777 723 deputat
785 658 881 706 umbras
892 672 899 704 ε

298 742 415 791 Duratam
428 755 527 791 renovat
536 756 586 788 non
597 740 657 787 mihi
666 733 740 786 foffor
752 738 864 785 humum.

266 821 321 871 sole
336 821 393 870 licet
404 820 513 884 siccique
530 821 569 867 siti
583 821 688 882 peritura
699 815 827 872 laborem,

297 900 393 963 lrriguae
411 895 506 947 dabitur
525 911 574 944 non
590 897 650 943 mihi
662 893 742 942 sulcus
755 909 833 959 aquae.

266 978 296 1027 At
313 977 368 1027 cdm
380 990 482 1024 maturas
498 970 551 1022 fiss'o
560 989 623 1022 nova
634 975 723 1021 cortice
737 973 810 1020 rimas

217 1077 250 1121 70
300 1055 354 1104 Nux
365 1057 414 1117 agit
424 1070 431 1109 3
444 1050 473 1101 ad
482 1067 558 1116 partes
570 1052 725 1115 perticasaeva
735 1050 813 1098 venit.

266 1133 356 1180 Pertica
373 1129 414 1180 dat
429 1130 504 1195 plenis
518 1131 623 1179 immitia
632 1127 732 1178 vulnera
748 1128 837 1185 tamin

298 1209 335 1259 Nc
352 1212 442 1275 possim
453 1206 560 1274 lapidum
570 1208 669 1257 verbera
677 1205 726 1255 sola
738 1208 818 1272 queri.

264 1289 340 1338 Poma
357 1287 461 1347 cadunt,
478 1289 564 1336 mensis
576 1302 626 1334 non
637 1281 761 1333 interdicta
769 1280 900 1341 secundia

298 1367 329 1416 Et
345 1365 430 1416 condis
444 1366 532 1424 lcstas,
551 1381 621 1428 parca
631 1363 735 1420 colona,
751 1377 834 1410 nuces.

215 1467 245 1516 75
267 1446 314 1495 Has
329 1463 386 1511 puer
401 1461 441 1495 aut
456 1460 521 1495 certo
532 1446 604 1491 restas
616 1440 742 1491 dilaminat
752 1442 817 1497 ἰᾶυς

297 1525 345 1572 Aut
361 1539 449 1588 pronus
467 1520 544 1585 digito
559 1522 625 1569 bisve
637 1518 738 1568 semelve
749 1520 820 1582 petit.

264 1602 374 1661 Quatuor
387 1605 412 1649 in
423 1602 538 1656 nucibus,
549 1614 600 1647 non
617 1597 733 1661 amplius,
748 1595 800 1644 alea
812 1609 866 1644 tota
877 1594 926 1651 τῆς

296 1677 362 1729 Cam
372 1678 416 1725 sibi
427 1678 553 1742 suppositis
563 1673 660 1725 additur
670 1691 716 1723 una
732 1675 818 1723 tribus.

264 1755 307 1805 Per
321 1755 407 1804 tabulae
424 1753 514 1802 clivum
526 1755 573 1802 labi
585 1754 651 1818 jubet
665 1751 740 1809 alten
759 1755 784 1800 ὃ(
797 1766 886 1817 optat,

217 1844 248 1890 80
298 1835 391 1898 Tangat
407 1848 433 1882 ut
447 1832 553 1881 emultis
564 1831 696 1898 quamlibet
711 1847 757 1879 una
769 1830 847 1879 suam.

264 1911 303 1960 Est
322 1915 411 1971 etiam,
427 1928 468 1977 par
480 1914 510 1960 sit
521 1927 632 1959 numerus
643 1911 684 1975 qui
696 1906 777 1969 dicat,
786 1925 818 1959 an
829 1913 907 1976 impar
918 1929 925 1959 ι

296 1989 331 2038 Ut
345 1987 456 2040 divinitas
472 1989 563 2038 auferat
577 2004 652 2053 augur
668 2003 733 2052 opes.

263 2068 301 2116 Fit
311 2085 408 2134 quoque
423 2066 451 2117 de
465 2069 548 2127 crem,
566 2067 663 2133 qualem
679 2065 772 2117 coeleste
790 2065 895 2131 figuram

296 2144 382 2205 Sidus,
400 2151 424 2197 δι
440 2150 465 2195 in
483 2148 572 2197 Graecis
590 2147 659 2194 litera
674 2161 757 2211 quarta
771 2149 842 2210 gerit.

215 2229 243 2290 85
264 2223 321 2271 Haec
340 2226 380 2270 ubi
392 2221 499 2272 distinsta
512 2224 544 2272 est
555 2221 667 2287 gradibus
679 2241 686 2281 3
697 2238 749 2288 quae
760 2225 869 2272 constitit
879 2226 961 2283 intus,

297 2300 364 2360 Quot
375 2303 454 2364 tetigit
466 2303 557 2364 virgas,
571 2315 608 2349 tot
619 2303 682 2364 capit
692 2302 741 2364 ipsa
749 2316 832 2348 nuces.

263 2378 311 2426 Vas
329 2393 424 2445 quoque
433 2379 492 2442 saepe
506 2394 590 2426 cavum
603 2413 612 2438 ,
627 2380 703 2443 spztio
718 2377 838 2437 distante,
851 2379 942 2428 locatur
954 2395 961 2435 ς

295 2456 323 2504 ln
340 2454 407 2521 quod
425 2453 493 2504 missa
505 2455 558 2504 'levi
575 2473 624 2504 nux
639 2455 708 2506 cadat
725 2472 772 2506 una
786 2473 870 2506 manu.

262 2534 347 2595 Felix,
362 2538 452 2584 secreto
468 2551 521 2600 quae
532 2550 587 2584 nata
602 2535 634 2583 est
647 2536 715 2585 arbor
726 2537 750 2584 in
762 2535 837 2585 arvo!

215 2629 246 2670 90
295 2612 325 2661 Et
340 2613 382 2662 soli
395 2610 495 2662 domino
506 2613 566 2662 ferre
577 2616 666 2662 tributa
676 2612 763 2678 potest!

263 2689 319 2739 Non
331 2693 457 2740 bominum
470 2693 576 2755 strepitus
589 2690 668 2746 audit,
681 2708 730 2740 non
742 2689 785 2740 illa
802 2706 930 2742 rotarum:

295 2768 352 2826 Non
370 2769 474 2819 avicind
486 2769 649 2834 pulverulenta
663 2769 703 2817 'vid
718 2771 759 2818 est.

262 2846 307 2895 Illa
318 2849 360 2895 suo
373 2882 381 2905 ,
400 2865 556 2914 quaecumque
569 2847 625 2896 tulit
637 2882 645 2905 ,
657 2845 711 2896 darc
723 2846 788 2896 dona
797 2847 906 2909 colono,

295 2925 326 2972 Et
337 2926 419 2988 plenos
432 2926 519 2975 frudus
535 2943 688 2976 annumerare
705 2925 790 2990 potest.

213 3015 242 3062 95
263 3004 294 3053 At
313 3005 372 3051 mihi
385 3019 489 3052 maturos
502 3021 634 3069 numquam
654 3005 710 3052 licet
722 3003 791 3053 edere
803 3004 879 3064 fetus3

294 3082 355 3131 Ante
364 3079 476 3148 diemque
486 3099 544 3131 meae
557 3080 709 3132 decutiuntur
720 3099 787 3147 opes.

262 3163 361 3214 Lamina
367 3160 449 3212 mollis
455 3159 532 3214 adhuc
541 3177 623 3212 tenero
630 3159 688 3212 dum
697 3162 755 3212 laste
762 3196 771 3224 ‚
780 3159 848 3229 quod
857 3162 920 3212 intra
932 3160 974 3216 ests

926 3239 974 3290 Nec
