2367 3992
286 451 353 494 110
402 425 887 497 P.0vtn11NAsours

281 549 332 600 Nos
346 563 442 614 quoque
453 566 459 596 e
472 547 512 598 sed
524 563 590 598 taceo
601 567 607 597 s
617 566 682 599 mors
693 551 762 615 hujus
774 567 845 615 prena
855 556 948 616 rapine

314 629 349 677 Ut
361 631 390 677 sit
399 646 407 686 3
420 631 481 687 erit,
497 626 572 694 quim
587 643 610 678 te
619 645 669 678 non
678 625 801 688 habuilse,
816 632 907 679 minor.

257 747 258 750 η
280 706 329 757 Aut
344 704 401 756 effes
416 705 522 755 formosa
537 710 633 766 minus,
646 705 750 772 peterire
763 705 878 756 modeste.

314 783 420 834 Audaces
432 783 492 833 facie
502 788 612 849 cogimur
624 783 670 834 effe
682 784 731 834 tud.
895 835 901 846 ,

236 868 246 915 5
253 871 261 916 5
282 863 320 911 Tu
333 861 392 911 facis
403 865 449 912 hoc
463 863 575 928 oculique
586 867 636 922 tui,
648 866 734 930 quibus
745 866 815 930 ignea
825 862 916 914 cedunt

314 938 408 1000 Sidetas
419 945 460 1007 qui
472 940 575 990 flammat
586 943 655 991 causa
666 941 731 991 fuere
741 958 809 992 meae.

280 1019 334 1070 Hoc
345 1018 401 1069 flavi
413 1020 505 1069 faciunt
512 1023 603 1079 crines,
615 1023 640 1068 &
651 1021 752 1069 eburnea
762 1022 858 1079 cervix3

312 1098 436 1163 Quaeque,
451 1115 551 1163 precor,
563 1101 660 1147 veniant
673 1101 699 1146 in
710 1115 763 1147 mea
773 1098 838 1147 colla
848 1113 955 1157 manum,

280 1177 312 1227 Et
325 1174 412 1236 decor,
421 1179 446 1224 bc
457 1177 537 1226 vuitus
548 1180 598 1226 sine
608 1176 736 1226 rusticitate
746 1175 879 1240 pudentes3
931 1227 935 1235 ,

232 1259 262 1295 ⁶0
311 1255 356 1315 Et,
371 1253 470 1304 Thetidi
478 1254 559 1320 quales
569 1257 611 1304 vit
619 1271 669 1304 tear
680 1253 741 1313 elle,
752 1252 833 1319 pedes.

280 1331 367 1383 Cetera
378 1336 397 1382 si
409 1331 500 1398 poilem
511 1331 622 1392 laudate,
634 1334 726 1381 beatior
738 1329 821 1380 ellemt

313 1411 365 1461 Nec
384 1411 484 1472 dubito,
496 1427 576 1461 totum
589 1415 649 1477 quin
660 1411 704 1458 sibi
714 1427 755 1474 par
763 1414 795 1459 sit
804 1425 872 1475 opus.

279 1489 331 1539 Hac
342 1507 387 1555 ego
403 1491 554 1556 compulsus,
569 1506 620 1538 non
630 1489 663 1537 est
673 1488 794 1543 mirabile,
806 1488 885 1537 fotini
890 1522 904 1548 ,

313 1569 336 1616 Si
346 1570 431 1633 pignus
444 1569 511 1617 volui
521 1571 588 1617 vocis
598 1568 684 1616 habere
696 1583 751 1616 tuae.
825 1558 830 1566 ⁸

232 1646 248 1684 6
252 1653 260 1697 5
279 1644 406 1710 Denique,
418 1644 476 1694 dum
487 1661 582 1711 captam
597 1661 622 1694 tu
634 1661 657 1695 te
667 1663 753 1711 cogare
763 1646 850 1708 fateri,

312 1721 406 1772 Insidiis
422 1724 470 1773 esto
481 1739 549 1789 capta
559 1724 639 1789 puella
648 1729 716 1773 meis.

279 1801 399 1851 Invidiam
413 1806 489 1868 patiar
501 1821 507 1851 r
520 1800 586 1868 palio
598 1805 638 1852 sua
648 1805 745 1868 praemia
755 1801 855 1852 dentur.

313 1879 364 1930 Cur
376 1883 428 1929 suus
438 1898 451 1931 a
462 1895 530 1930 tanto
538 1884 637 1930 crimine
650 1880 736 1930 frudus
745 1881 825 1930 abest?

279 1959 400 2009 Hesionen
411 1961 544 2019 Telamon,
557 1959 663 2009 Briseida
674 1963 737 2024 cepit
748 1959 868 2009 Achillese

231 2044 264 2088 70
312 2037 420 2104 Utraque
430 2041 544 2087 videorem
554 2041 616 2087 vina
626 2040 705 2087 secuta
715 2040 793 2087 suum.

280 2114 420 2175 Quamlibet
433 2119 541 2175 accuses,
557 2121 580 2165 8(
592 2120 623 2164 sis
635 2120 709 2176 irata,
718 2118 816 2177 licebit3

311 2192 375 2241 Irati
386 2192 456 2242 liceat
468 2192 526 2242 dum
538 2197 598 2241 mihi
609 2191 675 2257 polle
687 2195 743 2243 frui.

277 2265 345 2319 idem
355 2273 396 2335 qui
405 2271 504 2319 facimus
514 2305 521 2328 ‚
535 2271 620 2337 faciam
631 2273 780 2320 tenuabimus
790 2273 865 2321 itanu

311 2346 390 2412 Copia
405 2346 525 2412 placandae
539 2351 569 2396 sit
579 2345 659 2397 modo¹
669 2365 740 2412 parva
751 2352 795 2396 tui.

230 2440 258 2486 75
278 2427 339 2476 Ante
347 2441 400 2476 tuos
412 2424 508 2474 flentem
518 2426 587 2476 liceat
598 2429 722 2476 consistere
733 2428 813 2477 vultus
824 2445 831 2475 s

310 2505 342 2553 Et
353 2504 422 2554 liceat
432 2504 541 2568 lacrymis
551 2503 637 2555 addere
646 2507 718 2556 verba
728 2508 784 2555 suis:

276 2586 358 2652 thue
371 2586 449 2635 solent
459 2585 557 2645 famuli,
569 2586 625 2635 crim
634 2586 730 2635 verbera
741 2589 802 2635 saeva
811 2598 922 2636 verentur
928 2619 943 2649 7

309 2663 418 2714 Tendere
430 2661 552 2713 submissas
565 2662 595 2713 ad
606 2680 646 2714 tua
656 2681 724 2713 crura
739 2681 832 2714 manus.

277 2742 374 2807 Ignoras
383 2758 423 2792 tue
433 2747 499 2808 jura:
510 2760 582 2793 voca:
596 2759 637 2792 cur
648 2759 734 2808 arguor
745 2744 842 2793 absens?

230 2818 261 2866 80
310 2819 455 2870 iamdudum
468 2819 573 2870 dominae
585 2839 653 2871 more
663 2826 743 2870 venire
757 2823 822 2885 jube.

277 2896 329 2961 ipsa
344 2914 409 2946 meos
420 2897 577 2948 scindas'licet
588 2901 715 2964 imperiosa
726 2901 845 2964 capillos,

310 2975 404 3040 Oraque
415 2978 462 3024 sint
473 2973 553 3039 digitis
568 2975 643 3025 livida
653 2976 713 3024 facia
725 2980 786 3025 tuisz

278 3055 366 3104 Omnia
377 3057 507 3118 perpetiar:
517 3054 610 3104 taurim
623 3053 719 3105 forcalle
730 3059 840 3117 timebo,
864 3089 866 3094 ,

310 3131 419 3198 Corpore
430 3130 528 3184 ledetur
540 3150 569 3183 ne
581 3150 664 3190 marrus
674 3134 717 3184 ista
726 3152 790 3186 meo.
