2367 3992
253 509 522 578 Rananra
555 498 786 574 Arionis.
838 522 906 594 299

190 628 223 680 At
244 645 270 680 tu
281 629 379 680 rivalem
390 628 441 679 noli
452 630 495 678 tibi
507 627 596 692 fingere
607 622 753 694 quemquam
763 643 771 686 3

222 709 297 774 Inque
308 711 350 758 suo
361 709 437 757 solam
450 705 519 756 crede
530 710 606 770 jacere
617 721 682 754 toro.
912 715 961 760 770

190 787 273 836 Acriis
289 786 437 837 Hermionen
452 783 508 834 ideo
520 782 605 833 dilexit
617 783 729 844 Orestes,

223 863 277 913 Effe
293 863 359 931 quod
374 865 470 914 alterius
488 877 593 928 cceperat
603 862 646 911 iiia
656 865 711 911 viri.

190 941 274 1004 Quid,
293 943 420 1003 Menela'e',
441 941 524 992 doles?
539 943 589 990 ibas
601 945 651 989 sine
661 943 765 1006 conjuge
777 936 869 990 Creten
881 956 887 986 r
967 947 971 953 '

224 1022 256 1072 Er
271 1037 364 1087 poteras
378 1020 452 1087 nupti
463 1021 540 1070 lentus
551 1010 631 1069 abesse
642 1018 693 1068 tui.

190 1098 226 1149 Ut
240 1101 304 1149 Paris
315 1103 376 1149 hanc
388 1103 485 1163 rapuit,
501 1115 564 1147 nunc
575 1095 675 1146 demum
684 1112 758 1145 uxore
768 1096 847 1145 carere
912 1122 958 1171 775

224 1177 282 1226 Non
301 1193 383 1241 potes:
395 1177 490 1225 alterius
501 1179 576 1225 crevit
587 1190 668 1223 amore
680 1188 743 1222 tuus.

191 1255 247 1305 Hoc
259 1259 283 1304 dt
295 1258 321 1304 in
332 1252 432 1304 auduus
443 1251 547 1303 Briseide
558 1251 632 1302 flebat
643 1250 765 1310 Achilles,

222 1333 293 1382 Illam
306 1333 434 1382 Plisthenio
445 1329 531 1397 gaudia
542 1331 603 1381 serre
616 1346 680 1380 toro.

190 1410 242 1461 Nec
261 1410 345 1460 frustra
360 1409 448 1460 flebat:
461 1412 521 1459 mihi
529 1408 635 1469 credite,
648 1409 706 1457 fecit
716 1402 827 1467 Atrides,

190 1514 193 1519 ·
223 1487 298 1548 Quod
315 1492 334 1538 si
345 1505 393 1537 non
405 1489 492 1538 faceret
504 1523 512 1548 ,
526 1491 626 1553 turpiter
636 1483 694 1536 esset
704 1490 777 1535 iners.
909 1476 959 1537 7⁸⁰

190 1565 262 1618 Cerrd
275 1583 319 1632 ego
330 1563 435 1616 fecissem
445 1603 452 1626 ‚
463 1584 507 1616 nec
518 1569 569 1615 sum
581 1568 710 1631 sapientior
721 1564 775 1615 iiio.

223 1643 321 1693 Invidiae
335 1644 423 1693 frusius
434 1648 551 1693 maximus
561 1644 603 1692 ille
615 1644 670 1693 fuit.

189 1720 253 1770 Nam
264 1723 308 1770 sibi
319 1720 387 1786 quod
400 1738 532 1786 numquam
547 1724 634 1769 radam
644 1721 751 1770 Briseida
759 1726 822 1787 jurat

222 1800 266 1847 Per
281 1801 399 1863 sceptrum
412 1816 419 1857 3
431 1800 549 1862 sceptrum
563 1815 613 1847 non
624 1815 691 1863 putat
703 1798 749 1847 esse
761 1800 834 1848 Deos.

187 1874 223 1925 Di
239 1876 348 1935 faciant,
367 1874 471 1925 dominae
482 1879 556 1940 possis
567 1879 665 1925 transire
679 1876 766 1925 relisiae
909 1881 955 1944 735

221 1954 316 2003 Limina
329 1971 336 2013 3
353 1957 478 2019 proposito
490 1952 654 2020 sufficiantque
668 1953 749 2019 pedes.

190 2031 222 2081 Et
238 2035 326 2097 poteris
337 2051 343 2080 :
355 2031 432 2082 modo
443 2031 505 2081 velle
517 2048 570 2081 tene
580 2050 586 2081 t
597 2048 661 2080 nunc
671 2033 765 2082 sortiter
776 2034 827 2092 ire,

220 2110 292 2160 Nunc
302 2127 362 2175 opus
372 2110 404 2159 est
415 2108 485 2158 celeri
496 2099 595 2158 subdere
607 2110 684 2158 calcar
693 2126 766 2176 equo.

187 2188 236 2239 1110
255 2189 423 2254 Lotophagos,
436 2186 481 2236 illo
492 2189 584 2237 Sirenas
594 2190 620 2236 in
628 2203 697 2238 antro

222 2264 275 2316 Effe
288 2283 359 2333 puta:
376 2269 447 2315 remis
465 2264 541 2331 adjice
551 2265 605 2316 vela
616 2268 671 2316 tuis.
912 2289 961 2331 790

188 2345 260 2396 Hunc
272 2362 383 2411 quoque,
399 2361 448 2411 quo
459 2341 582 2411 quondam
597 2343 700 2394 nimirim
714 2345 788 2396 rivale
800 2343 910 2404 dolebas,

221 2423 316 2472 Vellem
328 2422 444 2474 desineres
456 2423 527 2473 hostis
536 2425 623 2472 habere
633 2424 698 2473 loco.

188 2501 220 2550 At
238 2500 317 2560 certe,
338 2505 447 2567 quamvis
463 2499 522 2550 odio
537 2516 692 2560 remanente,
708 2500 793 2551 saluta.
883 2502 885 2506 '

222 2578 310 2627 Oscula
321 2577 375 2627 crim
390 2581 479 2643 poteris
489 2582 538 2643 jam
549 2575 606 2627 dare
617 2612 626 2637 ,
643 2580 711 2627 sanus
723 2582 777 2627 eris.

151 2712 154 2716 A
187 2657 249 2706 Ecce
267 2657 332 2704 cibos
343 2659 431 2710 eriam,
449 2654 575 2705 medicinae
588 2644 674 2720 fdngar
686 2659 791 2705 utornni
908 2674 954 2721 795

222 2734 323 2782 Munere
335 2769 343 2793 ,
362 2751 421 2801 quos
433 2733 524 2799 fugias,
536 2750 626 2799 quosve
638 2735 751 2800 sequare,
766 2733 839 2784 dabo.

187 2811 316 2866 Daunius,
333 2828 363 2860 an
377 2812 473 2874 Libycis
484 2811 570 2860 bulbus
582 2813 626 2860 ribi
636 2808 719 2860 missus
729 2813 759 2860 ab
773 2815 836 2872 oris,

221 2891 259 2939 An
278 2893 360 2939 veniat
375 2891 496 2954 Megaris,
513 2893 599 2939 noxius
617 2894 696 2940 omnis
706 2893 761 2940 erit.

188 2969 241 3021 Nec
251 2966 330 3017 minsis
348 2984 427 3017 erucas
438 2983 519 3033 apturn
529 2971 604 3018 vitare
616 2968 701 3018 salaces
711 2986 720 3028 3

221 3048 252 3097 Et
262 3045 378 3114 quicquid
390 3047 477 3096 Veneri
487 3064 587 3113 corpora
599 3047 678 3097 nostra
688 3063 764 3114 parat.
908 3042 956 3090 ⁸00

190 3125 280 3176 Utilids
292 3127 368 3176 sumas
382 3140 491 3174 acuentes
507 3125 599 3175 lumina
610 3140 690 3185 rutae,

151 3237 153 3247 ι
225 3203 256 3254 Et
271 3201 388 3274 quicquid
397 3204 484 3257 Veneri
495 3221 597 3271 corpora
608 3204 687 3254 nostra
697 3216 784 3332 raegap.q

794 3297 818 3346 VJ
