2367 3992
275 473 333 526 na
348 454 464 526 Arre
479 452 672 522 Anauni
691 454 729 522 L.
754 455 804 522 ΙΙ.
841 476 911 543 239

195 579 226 630 Et
245 582 339 637 veniat,
351 594 403 644 qua
415 576 495 627 lustret
507 593 563 625 anus
574 576 710 641 lestumque
721 574 851 642 locumque
862 594 870 625 a

228 657 339 705 Praeserat
355 662 377 705 br
391 655 492 704 tremuli
504 654 602 720 sulphur
614 658 637 702 δι
654 670 794 702 ovnmanu.
917 677 962 724 33⁰

197 735 315 784 Omnibus
326 737 362 783 his
372 738 467 782 inerunt
478 748 549 798 gratae
559 733 655 797 vestigia
667 748 727 780 cura
739 749 746 780 a

229 813 256 861 ln
274 811 365 861 tabulas
381 811 462 860 multis
473 814 523 860 haec
534 814 573 860 via
584 810 642 859 fecit
652 813 706 859 iter.

198 889 235 941 Ne
254 905 334 938 tamen
352 888 436 940 officiis
454 888 538 938 odium
553 903 673 954 queratur
683 889 712 936 ab
727 904 807 953 aegra5

230 971 266 1017 Sit
282 970 335 1016 suus
350 971 374 1017 in
386 966 474 1018 blanda
484 966 609 1016 sedulitate
620 965 715 1016 modus.

198 1045 265 1096 Neve
279 1045 334 1094 cibo
346 1048 462 1110 prohibe,
479 1062 522 1093 nec
534 1049 608 1092 amari
622 1045 709 1108 pocula
721 1046 784 1094 succi
864 1054 870 1063 ‘

231 1125 344 1188 Porrige:
354 1123 432 1171 rivalis
444 1125 541 1170 misceat
551 1122 593 1170 illa
605 1137 667 1170 tuus.

199 1198 245 1250 Sed
254 1217 321 1258 non,
340 1203 379 1249 cui
398 1198 490 1249 dederis
500 1217 514 1247 a
525 1200 595 1247 litore
608 1201 718 1254 carbasa,
729 1214 802 1250 vento

229 1277 373 1336 Utendum,
387 1275 467 1326 medio
477 1277 531 1326 clun
542 1281 634 1343 potiere
646 1277 717 1326 freto.

200 1357 267 1407 Dum
279 1372 355 1404 novus
365 1373 426 1404 errat
436 1372 519 1415 amor,
532 1359 592 1404 vires
605 1357 650 1404 sibi
662 1355 760 1420 colligar
776 1356 835 1405 usu:

234 1437 258 1484 Si
268 1435 329 1482 bene
344 1437 465 1488 nutrieris,
481 1449 588 1498 tempore
600 1433 682 1482 firmus
694 1438 747 1483 erit.

202 1513 282 1575 Quem
299 1529 393 1562 taurum
411 1516 511 1572 metuis,
530 1512 634 1562 vitulum
646 1513 751 1562 mulcere
762 1513 869 1562 solebast

234 1593 282 1640 Sttb
298 1607 418 1656 quantine
430 1592 525 1640 recubas
537 1591 620 1640 arbore
632 1627 640 1650 ,
652 1595 720 1656 virga
731 1592 787 1642 suit.

203 1670 313 1721 Nascitur
328 1672 441 1738 exiguus,
453 1667 492 1718 sed
502 1686 560 1734 opes
571 1673 672 1734 acquirit
682 1668 778 1730 eundo,

236 1749 338 1815 Quique
348 1751 415 1799 venit
427 1784 434 1806 ,
447 1747 535 1796 multas
545 1751 632 1812 accipit
643 1751 719 1795 amnis
729 1764 810 1812 aquas.

204 1829 249 1878 sac
267 1830 310 1878 tibi
330 1829 466 1878 consuescat
476 1826 525 1875 :nil
542 1823 810 1888 consuetudinemque

238 1907 317 1966 Quam
333 1921 358 1955 tu
372 1903 430 1954 dum
449 1908 545 1971 capias,
563 1901 634 1953 taedia
644 1902 710 1952 nulla
726 1902 790 1967 suge.

205 1984 241 2036 Te
253 1987 343 2048 semper
358 1981 440 2035 videat
451 2002 457 2032 z
469 1986 514 2033 tibi
530 1984 621 2048 semper
630 1982 734 2048 prebeat
749 1996 829 2030 aurem
841 1998 849 2030 e

238 2063 354 2112 Exhibeat
373 2061 451 2112 vultus
464 2078 558 2128 noxque
573 2058 669 2126 diesque
685 2075 748 2108 tuos.

207 2139 272 2192 cnm
287 2141 330 2190 tibi
340 2144 418 2204 major
429 2144 473 2190 erit
484 2138 588 2197 fiducia,
601 2134 667 2204 poll'e
678 2139 781 2204 requiri,

240 2220 305 2268 Tum
316 2219 417 2283 procul,
429 2221 520 2268 absenti
533 2235 589 2268 eura
601 2217 711 2277 futurus,
727 2218 774 2265 abi.

207 2294 245 2346 Da
265 2301 390 2364 requiem:
402 2300 520 2364 requietus
537 2313 591 2362 ager
603 2298 662 2344 bene
677 2293 767 2344 credita
778 2293 875 2356 reddit,
960 2304 962 2308 ’

241 2377 361 2442 Terraque
375 2375 479 2426 coelestes
489 2373 554 2424 arida
566 2375 644 2424 sorbet
655 2389 735 2438 aquas.

209 2445 322 2512 Phyllida
331 2447 494 2512 Demophoon
505 2455 604 2517 praesens
618 2449 762 2500 moderatitls
776 2452 851 2501 ussit:

243 2527 336 2575 Exarsit
349 2525 408 2575 veiis
424 2528 499 2573 atritis
514 2529 557 2571 ilia
568 2528 638 2572 datis.

211 2604 346 2668 Penelopen
357 2603 437 2651 absens
447 2599 530 2648 sollers
544 2601 670 2665 torquebat
681 2595 785 2660 Ulyll'est

243 2677 394 2744 Phyllacides
407 2679 500 2737 aberat,
513 2673 660 2734 Laodamia,
677 2691 739 2725 tuus.

212 2758 258 2809 Sed
269 2773 338 2807 mora
350 2770 401 2804 tuta
411 2757 486 2804 brevis
498 2754 648 2807 :lentescunt
663 2770 771 2819 ternpore
780 2770 841 2806 curt
853 2771 862 2817 ς

245 2838 405 2902 Vanescitque
418 2835 515 2894 absens,
534 2837 558 2883 bc
572 2849 650 2883 novus
658 2836 747 2892 intrat,
760 2850 836 2884 amor.

213 2915 280 2966 Dum
297 2913 420 2963 Menelair's
432 2913 511 2971 abest,
524 2911 614 2963 Helene
627 2929 657 2960 ne
668 2911 718 2961 sola
728 2915 829 2977 jaceret,

247 2993 354 3056 Hospitis
366 2991 398 3039 est
410 2989 490 3055 tepido
504 2993 571 3040 noste
582 3005 677 3055 recepta
686 2993 747 3041 sinu.

215 3069 263 3131 Qui
282 3071 361 3134 stupor
376 3071 432 3124 hic,
450 3069 559 3119 Menelae'
568 3104 583 3128 ,.
591 3069 638 3118 suit
649 3072 659 3118 i
669 3084 694 3118 tu
707 3069 769 3119 solus
780 3070 861 3120 abibas
871 3089 878 3120 e

248 3148 327 3200 lsdem
341 3152 383 3200 sub
395 3151 461 3199 tedis
470 3149 554 3213 hospes
565 3151 589 3198 δι
601 3163 660 3197 uxor
670 3162 745 3214 erapt.
