2367 3992
250 467 307 519 nn
331 447 447 520 Anne
476 446 669 517 Annum
693 448 731 517 L,
756 450 788 518 Ι.
823 469 886 543 215

188 571 248 624 llum
259 573 438 640 Cnosiadesque
450 571 621 638 Cydoneaeque
638 575 745 637 juvencae

206 655 330 718 Optarunt
344 669 412 718 tergo
430 647 561 701 sustinuisse
578 653 630 700 suo.

188 735 289 797 'asiphae'
299 731 351 781 fieri
361 729 480 796 gaudebat
490 729 597 779 adultera
608 732 670 779 tauri
681 747 689 778 t

205 809 291 859 Invida
303 809 418 859 formosas
434 807 519 858 oderat
532 808 575 858 illu
590 808 671 858 boves.

188 886 244 936 lota
262 904 322 936 cano
332 907 338 937 ι
350 905 401 937 non
415 889 479 947 hoc,
491 902 587 936 centum
601 903 653 952 quae
667 885 764 934 sustinet
774 883 863 944 urbes,

205 965 325 1025 Quamvis
336 969 367 1015 sit
377 964 494 1024 mendax,
505 963 579 1014 Creta
589 981 675 1029 negare
686 963 772 1028 potest.

188 1045 229 1109 psa
244 1059 319 1092 novas
331 1042 444 1102 frondes,
458 1047 483 1092 ὃ(
497 1058 564 1108 prata
580 1045 722 1103 tenerrima,
735 1056 804 1092 tauro

208 1121 293 1169 Fertur
311 1117 426 1169 inassueti
438 1117 577 1169 subsecuisse
593 1136 675 1169 manu.
899 1125 946 1171 3⁰0

190 1213 201 1247 t
216 1214 299 1247 comes
311 1200 423 1246 armentis
433 1215 440 1254 ·‚
452 1214 496 1246 net
507 1201 595 1248 ituram
605 1215 661 1248 cura
673 1213 780 1248 moratur

210 1277 331 1340 Coniugis
343 1292 349 1321 t
362 1278 386 1322 δι
396 1267 502 1326 Minos’a
512 1277 573 1326 bove
583 1279 658 1326 nisius
668 1290 726 1324 erat.

188 1352 235 1414 Qui>
247 1355 293 1402 tibi
306 1387 315 1413 ,
327 1353 459 1417 Pasiphae,
472 1356 585 1418 pretiosas
597 1358 688 1403 sumere
697 1353 787 1403 vestes?

210 1433 255 1482 Iste
271 1446 325 1481 tuus
338 1431 416 1479 nullas
431 1433 501 1481 sentit
515 1432 608 1483 adulter
619 1450 684 1498 opes.
752 1469 757 1478 .

188 1507 245 1571 Quid
263 1510 308 1558 tibi
322 1525 378 1557 cum
390 1510 485 1574 speculo
499 1527 615 1561 montana
625 1526 732 1560 armenta
743 1511 855 1576 petenti?
899 1521 943 1566 305

210 1587 278 1648 Quid
293 1592 362 1638 toties
373 1592 461 1654 positas
472 1588 561 1656 fingis,
580 1594 676 1656 inepta,
690 1592 787 1639 comas?

188 1665 259 1718 :rede
271 1681 350 1716 tamen
362 1667 474 1733 speculo,
485 1667 552 1734 quod
563 1683 586 1716 te
593 1683 665 1732 negat
672 1665 718 1716 effe
729 1671 871 1731 juvencemt

212 1744 295 1805 Qudm
309 1761 404 1809 cuperes
419 1745 494 1794 fronti
505 1761 595 1794 cornua
604 1760 660 1794 nata
671 1745 729 1793 tuae!

188 1823 233 1872 live
248 1822 327 1886 placet
337 1823 418 1871 Minos
430 1858 438 1878 ,
452 1823 532 1872 nullus
543 1838 661 1889 quaeratur
670 1820 782 1871 adulter:

212 1902 267 1950 Siue
279 1903 358 1950 virum
369 1903 444 1952 mauis
460 1901 559 1960 fallere,
573 1899 629 1949 salle
646 1901 708 1950 viro.
899 1912 944 1959 310

188 1979 208 2027 [n
218 1994 303 2027 nemus
316 1981 341 2027 &
353 1979 425 2028 saltus
436 1979 542 2028 thalamo
553 1981 634 2042 regina
643 1976 726 2026 renuo

212 2057 298 2116 Fertur
308 2091 316 2116 ,
329 2072 355 2106 ut
366 2058 445 2106 Aonio
454 2059 550 2106 concita
560 2056 653 2105 Baccha
668 2055 733 2105 Deo.

188 2133 233 2183 lhl
250 2137 345 2200 quoties
355 2151 452 2185 vaccam
463 2134 532 2185 vultu
543 2135 655 2199 spestevit
664 2135 766 2200 iniquo,

212 2212 244 2261 Et
257 2211 319 2261 dixit
324 2231 332 2271 3
344 2212 453 2261 Domino
464 2228 505 2266 cur
515 2213 594 2282 placet
604 2212 646 2260 ista
659 2229 714 2262 meo
725 2217 733 2263 ἓ
855 2273 859 2280 ¹

188 2289 266 2355 lspice
278 2324 287 2349 ‚
301 2305 328 2339 ut
338 2306 391 2340 ante
401 2292 479 2355 ipsum
496 2294 581 2340 teneris
592 2290 693 2340 exsultet
704 2292 730 2338 in
739 2287 817 2339 herbis
828 2305 836 2337 r
900 2307 943 2354 3¹5

215 2367 268 2416 Nec
280 2366 381 2429 dubito,
392 2372 450 2435 quin
463 2370 487 2416 se
500 2369 570 2419 stulta
581 2366 664 2419 decere
673 2384 750 2433 putet.

188 2444 266 2495 Dixit:
276 2449 304 2496 δε
315 2449 407 2512 ingenti
418 2445 563 2515 jamdudum
577 2447 608 2497 de
621 2464 690 2512 grege
704 2445 761 2495 duci

215 2524 288 2573 lussit
298 2542 306 2583 3
318 2528 343 2573 ὃ(
357 2526 503 2574 immeritam
513 2525 556 2573 sub
570 2525 628 2589 juga
637 2522 715 2589 panda
726 2524 787 2573 trabi
798 2540 806 2571 t

188 2601 232 2652 Aut
242 2601 327 2651 cadere
336 2617 390 2652 ante
403 2619 453 2652 aras
464 2618 648 2668 commentaque
657 2604 722 2652 sacra
730 2600 826 2665 coe'git3

217 2680 249 2729 Et
264 2683 339 2730 tenuit
351 2680 404 2731 laetti
418 2682 510 2746 pellicis
521 2697 574 2731 exta
584 2698 667 2730 manu.
903 2693 950 2738 5²0

188 2757 314 2807 Pellicibun
328 2762 422 2825 quoties
434 2759 539 2824 placauit
548 2762 648 2807 numina
661 2760 745 2807 caesis?

218 2836 297 2902 Atque
308 2840 359 2897 ait,
370 2853 423 2886 exta
434 2852 531 2898 tenens,
543 2840 576 2887 ire
586 2872 595 2896 ‚
607 2836 697 2901 placete
711 2853 775 2886 meo.

188 2911 217 2962 Et
227 2913 305 2964 modb
316 2917 340 2964 se
350 2915 460 2980 Europen
474 2915 541 2976 sieri,
557 2914 634 2964 modb
645 2915 748 2981 postulat
762 2915 789 2965 lo
801 2934 808 2965 ε

220 2992 301 3042 Altera
311 2990 380 3059 quod
391 2995 434 3042 bos
447 2994 492 3050 est,
503 2995 577 3045 altera
586 2997 652 3044 vesta
662 2996 732 3045 bove.

188 3068 256 3120 Hane
268 3086 348 3122 tamen
363 3072 490 3138 implevit,
505 3073 578 3123 vaccei
595 3071 707 3137 deceptus
719 3072 817 3134 aeernd,
905 3090 947 3139 ³25

219 3149 277 3200 Dux
291 3152 386 3218 gregis:
401 3155 426 3202 δι
439 3166 508 3218 partu
517 3149 627 3217 proditus
636 3154 716 3219 auctor
728 3167 787 3218 erat.
828 3216 830 3219 Ι
870 3199 873 3204 ,

486 3256 489 3260 ”
866 3253 875 3278 0

869 3287 878 3306 Ω
