2367 3992
291 468 295 473 ·
324 462 587 536 Hunornns.
607 457 681 529 Ea.
696 460 782 529 XV.
864 486 905 554 75

197 582 251 635 iiaec
263 582 319 633 sunt
333 583 391 643 illa,
405 583 504 637 Phaon,
515 598 568 647 quae
584 596 608 631 tu
622 580 718 632 laudare
729 581 838 643 solebas,

225 663 330 728 Visaque
340 662 394 709 sunt
406 664 476 709 toties
487 661 609 725 ingeniosa
623 660 675 708 tibi.

195 738 265 789 Nunc
275 740 371 789 vellem
379 736 482 787 facunda
490 737 570 786 forent
581 757 587 785 ι
600 735 672 787 dolor
682 741 771 788 artibus
782 740 875 800 obstat5
917 752 958 799 ¹95

224 819 399 883 Ingeniumque
409 821 469 865 meis
478 817 580 881 substitit
590 833 662 866 omne
670 817 748 867 malis.

193 893 249 945 Non
259 899 321 944 mihi
332 893 476 960 respondent
486 907 575 945 veteres
585 897 610 943 in
619 898 724 944 carmina
731 898 806 946 vires:

224 974 317 1023 Pledira
331 971 417 1022 dolore
428 989 523 1022 tacent:
535 988 603 1022 muta
614 972 697 1023 dolore
710 975 803 1037 lyraest.

192 1048 303 1101 Lesbides
319 1053 451 1118 aequoreae,
466 1067 615 1118 nupturaque
622 1068 746 1118 nuptaque
756 1054 854 1120 proicis

222 1127 354 1189 Lesbides,
366 1129 447 1185 AEolia
460 1133 559 1179 nomina
570 1128 632 1178 dicia
645 1129 713 1192 lym
914 1133 961 1168 ²00

192 1206 319 1270 Lesbides,
335 1207 452 1257 infamem
464 1225 516 1274 quae
527 1225 566 1255 me
578 1207 664 1256 fecistis
678 1222 779 1269 amatas
824 1225 826 1228 ’

221 1286 333 1338 Desinite
343 1283 373 1335 ad
385 1287 485 1335 citharas
496 1286 565 1334 turba
576 1289 657 1334 venire
669 1302 741 1334 meas.

190 1363 292 1414 Abstulit
303 1381 376 1414 omne
387 1365 485 1423 Phaon,
498 1361 565 1430 quod
574 1365 644 1412 vobis
655 1379 709 1412 ante
717 1363 843 1429 placebat:
865 1363 867 1367 ’

220 1444 265 1492 Me
279 1443 408 1493 miseram!
424 1440 474 1491 din
488 1441 563 1508 quim
579 1439 655 1490 modb
666 1458 747 1507 paene,
761 1443 844 1492 mensi

189 1515 282 1571 Efficite
298 1536 324 1571 ut
335 1519 431 1580 redeat,
445 1535 510 1571 vates
519 1520 698 1586 quoquevestra
707 1518 811 1570 redibit:
912 1542 955 1591 ²05

220 1603 322 1666 Ingenio
333 1605 395 1652 vires
407 1599 448 1647 ille
460 1597 501 1648 dat
512 1631 520 1659 ,
535 1599 575 1646 ilie
587 1601 656 1663 rapit.

188 1678 283 1746 Ecquid
293 1696 340 1744 ago
350 1679 472 1743 precibus?
484 1680 592 1742 petiusne
606 1677 692 1741 agreste
707 1679 839 1727 movetur?

220 1759 259 1807 An
273 1762 335 1823 riget
346 1761 355 1805 Ξ
367 1762 391 1805 &
402 1756 506 1821 Zephyri
517 1756 588 1803 verba
600 1752 689 1811 caduca
699 1754 794 1802 ferunt?

188 1835 237 1896 Qui
255 1853 310 1886 mea
316 1828 389 1886 verba
400 1835 494 1893 ferunt,
506 1832 595 1883 vellem
609 1847 650 1880 tua
659 1832 851 1881 vela-referrent.

219 1915 275 1965 Hoc
286 1931 309 1964 te
321 1949 329 1974 ,
341 1918 361 1962 si
373 1915 477 1979 saperes,
490 1912 570 1970 lente,
583 1909 683 1959 decebat
690 1902 762 1974 'opus
911 1925 958 1960 210

187 1980 241 2041 Sive
253 1991 330 2052 redis,
343 1994 464 2057 puppique
475 2005 521 2038 tuae
534 1994 617 2040 votiva
628 2002 739 2053 parantur

218 2071 338 2130 Munera3
354 2067 413 2137 quid
424 2069 511 2118 laceras
521 2071 615 2134 pedrora
625 2068 702 2116 nostra
713 2067 801 2118 mordi

185 2147 258 2198 Solve
273 2164 348 2197 ratem
361 2167 366 2195 r
379 2149 460 2196 Venus
470 2162 523 2196 orta
533 2150 595 2221 mari¹
608 2163 673 2196 mare
683 2148 775 2211 praestat
785 2153 890 2200 amanti:

218 2229 284 2277 Aura
296 2226 363 2276 dabit
373 2229 482 2276 cursum:
497 2241 521 2275 tu
538 2224 615 2276 modb
629 2226 693 2275 solve
703 2241 787 2278 ratem.

184 2307 236 2372 Ipse
246 2307 387 2371 gubernabit
397 2304 499 2354 residens
507 2308 619 2370 inpuppe
631 2302 745 2369 Cupido:
831 2322 837 2329 ·
910 2329 952 2378 215

218 2386 271 2450 Ipse
286 2383 354 2435 dabit
365 2383 445 2440 reneri
456 2384 525 2444 vela,
537 2382 663 2450 legetque,
675 2400 756 2434 manu.

184 2465 239 2514 Sive
256 2467 322 2529 juvat
332 2460 403 2528 longi
416 2459 499 2527 fugiffe
511 2460 634 2527 Pelasgida
646 2465 739 2526 Sappho
752 2482 761 2523 ;

217 2541 277 2590 Non
290 2532 370 2589 tamen
384 2543 504 2600 invenies,
523 2557 620 2605 turego
632 2538 704 2604 digna
715 2541 790 2606 fugin

184 2619 239 2669 Hoc
254 2619 339 2667 saltem
355 2618 445 2668 miserae
462 2617 564 2668 crudelis
579 2618 677 2684 epistola
692 2616 772 2672 dicata

215 2696 321 2747 Urmihi
330 2697 453 2748 Leucadia
463 2699 511 2747 fata
518 2712 629 2762 petantur
639 2715 652 2746 a
671 2714 715 2749 uae.

610 2769 657 2824 ὦ
666 2802 669 2806 ⁸
679 2748 867 2833 μνη-Ἧι.

548 2851 610 2891 .,,·“,
632 2831 689 2891 ‘itis
705 2817 722 2869 Α

533 2906 540 2921 v
609 2916 617 2929 2
