2367 3992
267 445 337 517 ²54
387 425 585 493 Ovinrr
620 425 856 494 NAsours

298 547 392 599 Gaudia
409 565 453 598 nec
468 546 559 614 cupidis
574 549 650 600 vestra
666 565 750 615 negate
762 552 829 600 viris.

264 626 300 676 Ut
318 631 367 692 jam
379 626 515 692 decipiant,
530 626 589 693 quid
604 625 718 692 perditis?
734 631 819 677 omnia
830 628 939 676 constant

216 732 248 778 ,ο
298 705 368 755 Mille
380 705 436 754 licet
453 707 560 765 sumant,
577 704 669 770 deperit
679 705 735 756 inde
745 706 817 755 nihil.

266 782 407 835 Conteritur
418 784 507 833 ferrum
519 819 527 845 ,
539 785 617 834 silices
632 800 759 834 tenuantur
769 785 799 833 ab
815 786 870 834 usu:

297 861 405 924 Sufficit,
419 867 444 913 δι
456 861 537 913 damni
547 880 600 928 pars
611 863 728 913 caretilla
740 878 817 912 metu.

265 940 331 1002 Quid
348 957 413 993 vetet
427 944 536 1006 apposito
549 941 631 990 lumen
648 939 677 990 de
693 941 784 990 lumine
795 943 876 1001 sumi,

297 1021 385 1080 Quisve
400 1036 459 1069 cavo
469 1019 542 1068 vastes
552 1022 577 1068 in
587 1035 653 1068 mam
664 1020 741 1069 servet
758 1036 831 1086 aquas
843 1023 851 1068 Ξ

214 1117 245 1163 95
264 1098 314 1149 Det
333 1113 413 1146 tamen
423 1096 473 1147 ulla
482 1100 536 1147 viro
544 1097 631 1147 mulier
642 1132 651 1157 ,
664 1114 715 1147 non
730 1096 843 1163 expedit,
860 1099 940 1163 inquis.

297 1174 380 1236 Quid,
393 1179 437 1224 nisi
448 1193 521 1243 quam
531 1177 627 1239 sumes,
642 1173 682 1226 dic
693 1179 772 1232 mihi,
786 1175 866 1242 perdis
875 1175 967 1241 aquense

263 1254 315 1304 Nec
328 1270 372 1304 vos
386 1254 506 1320 prostituit
522 1272 576 1305 mee
585 1271 648 1312 νοις
662 1253 704 1305 sed
714 1271 776 1305 varia
787 1245 872 1303 timere

295 1330 391 1382 Damna
406 1347 486 1383 vetate
499 1330 593 1383 damnis
606 1349 704 1382 munera
716 1333 790 1383 vestra
801 1348 892 1382 carent.

264 1409 311 1460 Sed
327 1429 365 1461 me
377 1410 512 1462 flaminibus
521 1415 587 1462 venti
597 1415 694 1478 majoris
707 1414 817 1470 iturum,

215 1497 265 1532 ¹³0
297 1489 367 1539 Dum
381 1492 461 1539 sumus
476 1493 501 1540 in
515 1505 605 1555 portu,
619 1491 736 1554 provehat
751 1504 808 1538 aura
822 1487 889 1537 levis.

265 1565 353 1615 Ordior
364 1583 377 1614 a
388 1566 464 1616 cultu.
475 1565 554 1616 Culris
568 1569 627 1615 berre
638 1567 708 1617 Liber
720 1567 749 1616 ab
766 1568 819 1616 uvis

296 1645 429 1705 Provenit,
446 1649 470 1694 δι
487 1643 553 1693 culto
569 1644 614 1708 stat
627 1647 691 1710 seges
707 1644 756 1694 alta
771 1643 835 1693 solo.

264 1723 352 1774 Forma
362 1722 409 1773 Dei
426 1739 528 1774 munus:
541 1723 621 1773 fornii
631 1739 706 1790 quota
721 1738 823 1789 quaque
837 1721 954 1786 superbit!

296 1803 351 1852 Pars
361 1801 463 1852 vestrim
477 1803 520 1852 tali
536 1820 634 1853 munere
644 1819 731 1868 magna
740 1816 814 1850 caret.

219 1881 331 1950 105Cura
347 1879 413 1932 dabit
430 1883 515 1932 faciem
525 1901 532 1932 ι
544 1883 615 1932 facies
628 1881 734 1946 neglecte
743 1881 832 1944 peribit
840 1896 852 1938 ‘s

237 1955 240 1962 ’
298 1959 378 2010 ldaliae
394 1962 479 2011 similis
490 1965 520 2011 sit
530 1961 586 2011 licet
597 1960 640 2011 ills
650 1959 716 2009 Dee.

264 2039 375 2105 Corpora
386 2044 405 2088 si
419 2056 509 2090 veteres
521 2057 572 2090 non
584 2043 616 2089 sic
627 2039 722 2088 coluere
733 2034 837 2101 puellae,
910 2043 919 2058 ·

295 2117 348 2167 Nec
361 2130 452 2168 veteres
462 2119 540 2168 cultos
551 2122 583 2167 sic
595 2118 696 2167 habuere
707 2118 780 2169 viros.

263 2197 287 2243 Si
305 2195 351 2243 fuit
363 2195 529 2245 Andromache
539 2199 629 2245 tunicas
640 2192 724 2243 induta
733 2191 859 2248 valentese

218 2289 266 2322 tro
296 2269 362 2330 Quid
379 2276 467 2322 mirum
479 2280 489 2325 Ξ
505 2272 558 2322 duri
568 2273 652 2323 militis
663 2288 722 2320 uxor
732 2283 789 2319 erat.

263 2349 358 2398 Scilicet
373 2349 460 2414 Ajuci,
476 2355 563 2416 conjux
577 2366 676 2409 ornata,
692 2351 799 2406 venires,

295 2425 345 2477 Cui
355 2430 459 2492 tegimen
472 2431 562 2494 septem
580 2442 645 2492 terge
660 2427 725 2477 fuere
739 2427 831 2476 bourn?

264 2505 407 2570 Simplicitas
419 2505 483 2558 rudis
494 2522 547 2557 ante
559 2506 621 2557 fuit:
633 2521 696 2555 nunc
705 2520 776 2554 aurea
785 2504 869 2553 Roma

295 2584 403 2635 Edomiti
420 2602 516 2652 magnas
529 2583 634 2651 possidet
643 2585 707 2634 orbis
718 2598 784 2648 opes.

217 2665 363 2729 ¹¹5lspice‚
380 2681 432 2731 que
443 2681 505 2714 nunc
517 2667 571 2714 sunt
584 2662 722 2729 Capitolia,
738 2677 840 2727 queque
853 2659 967 2719 fuerumt

295 2741 397 2791 Alterius
412 2742 476 2792 dicas
488 2743 531 2793 illa
545 2741 613 2793 fuill'e
626 2743 699 2793 lovis.

264 2815 354 2878 Curia,
370 2821 475 2869 concilio
486 2839 539 2887 quae
547 2838 610 2873 nunc
620 2819 759 2886 dignissima
769 2832 837 2869 tauto
848 2817 899 2876 est,

295 2894 332 2942 Dc
346 2895 446 2960 stipula,
458 2900 530 2948 Tatio
540 2917 613 2964 regna
622 2915 734 2957 tenente,
748 2898 802 2948 fuit.

264 2973 322 3032 Quae
335 2989 397 3021 nunc
416 2977 457 3022 sub
471 2977 563 3025 Phoebo
579 2976 727 3043 ducibusque
737 2977 829 3026 Palatia
839 2975 955 3040 fulgent,

219 3062 262 3092 120
296 3049 376 3111 Quid,
388 3054 434 3099 nisi
444 3056 541 3100 arauiris
554 3056 640 3118 pascua
652 3057 745 3114 bobus,
757 3059 842 3106 erant?

264 3132 340 3180 Prisca
356 3134 440 3197 juvent
450 3132 526 3182 alios:
540 3150 584 3198 ego
596 3152 634 3185 me
646 3153 708 3185 nunc
721 3134 824 3201 denique
832 3150 922 3187 netum
