2367 3992
294 499 363 576 ΒΜ
512 477 830 554 Uttssus

322 605 361 656 Ne
373 604 416 655 tibi
428 602 543 669 suspeum
553 603 645 669 pellicis
654 600 712 653 esset
723 621 791 654 amor
801 608 811 654 ἰ

238 679 268 746 ἒς
287 684 368 734 Prima
378 685 437 731 meis
451 697 524 732 omeu
534 680 691 731 metuendum
704 683 823 748 puppibus
835 680 879 733 illa

320 763 385 812 Fecit
397 779 404 809 t
414 776 465 810 nou
480 761 594 809 membris
607 761 658 825 ipsu
670 773 762 824 tepetta
773 761 832 810 suit.

285 841 384 891 Latratu
400 840 496 889 miserat
507 836 586 888 finivit
595 837 674 887 mesta
685 836 811 904 querelae

261 974 265 985 ¹
318 917 351 968 Et
358 918 422 968 stetit
430 920 456 967 ln
466 914 573 966 rabidam
583 917 692 980 protinus
703 918 753 964 asta
763 931 858 966 ciuem.

283 995 398 1062 Prodigio
408 995 450 1045 tali
467 991 589 1060 placidum
601 994 685 1042 Thetic
696 993 794 1044 abstulit
803 1010 904 1062 equor,

232 1091 265 1136 ρο
315 1073 397 1125 AEolue
408 1072 493 1123 infusis
502 1072 658 1137 incubuitque
668 1070 751 1120 Nous.

281 1151 398 1218 Peteagut
408 1153 464 1201 hinc
476 1165 529 1200 toto
543 1164 594 1199 nou
610 1148 668 1198 felix
677 1147 778 1198 differor
787 1149 867 1209 cebet

312 1229 359 1290 Et,
370 1245 524 1297 quocumque
533 1242 604 1278 vocat
611 1226 695 1277 fluctus
705 1231 731 1276 δι
742 1243 814 1287 autu,
826 1227 901 1279 fetor.

279 1305 326 1359 sed
340 1312 359 1357 ti
374 1309 475 1358 Tiresiae
491 1321 541 1357 tam
556 1305 606 1354 laeti
615 1303 729 1371 providus
742 1321 833 1370 augut,

311 1385 394 1446 Quum
408 1402 479 1436 verax
494 1400 559 1434 vates
570 1387 597 1433 in
607 1383 670 1433 mala
681 1382 760 1433 nostra
770 1384 818 1433 fuit
830 1399 839 1442 ς

226 1474 258 1523 95
277 1463 308 1513 Et
326 1465 387 1515 tetri
398 1467 423 1514 δι
437 1456 812 1530 pelago,quidquidmihittiste
822 1461 936 1526 canebat,
984 1488 986 1501 =

310 1542 424 1591 Emensus
441 1541 492 1591 fato
500 1545 551 1607 lum
564 1540 664 1588 meliore
674 1555 759 1604 vagor.

274 1616 328 1668 Jam
339 1620 399 1667 mihi
409 1620 489 1666 nescio
505 1633 554 1683 quo
566 1619 683 1666 comitem
696 1617 720 1664 se
734 1619 761 1666 iu
775 1616 846 1666 litote
856 1620 936 1686 jungit
1017 1615 1019 1619 ⁸

307 1695 401 1756 Pallas,
420 1697 445 1744 δι
457 1695 589 1760 hospitibus
604 1711 646 1760 pet
657 1694 714 1744 loca
727 1707 780 1744 tute
795 1697 879 1745 trahit.

273 1773 346 1826 Nunc
361 1772 466 1840 primum
477 1772 553 1822 Pallas
562 1773 634 1822 vetsae
646 1773 699 1838 post
712 1772 796 1822 funeta
813 1773 896 1840 Troje
999 1812 1004 1820 .

226 1869 272 1904 too
306 1854 363 1903 visa
380 1853 457 1902 mihi:
471 1848 578 1900 medium
597 1853 711 1915 temporis
721 1853 757 1899 lta
767 1848 834 1899 tulit.

272 1922 395 1997 Quicquid
409 1927 502 1978 Ollidet
512 1930 681 1987 commiserat,
692 1928 804 1976 omnibus
816 1944 877 1978 uuus

304 2011 431 2059 Peccavit:
444 2007 535 2056 Danais
550 2007 662 2055 omnibus
674 2010 709 2054 ita
721 2021 819 2054 nocent.

270 2086 374 2145 Necte,
386 2082 499 2150 Tydide,
516 2088 582 2149 cujut
592 2081 669 2132 modo
680 2083 773 2133 foverat
783 2099 867 2146 arma,

302 2163 392 2213 Eximit
403 2181 409 2211 t
422 2177 499 2211 ettato
511 2176 537 2211 tu
547 2177 644 2227 quoque
655 2161 684 2209 ab
694 2162 752 2209 orbe
762 2163 837 2210 venis.

222 2241 325 2298 ¹05Non
340 2239 472 2289 Telamone
483 2240 561 2288 satum
571 2239 641 2303 capti
651 2236 680 2288 de
691 2242 793 2304 conjuge
804 2241 942 2294 Teucrume

299 2319 356 2368 Non
365 2319 442 2382 ipsum
454 2352 462 2375 ‚
480 2333 583 2383 proquo
595 2317 664 2367 mille
677 2319 742 2368 fuere
749 2333 819 2368 tates.

265 2396 331 2446 Felix
349 2391 511 2454 Plisthenide,
530 2411 682 2462 quacumque
700 2399 726 2445 in
742 2398 805 2446 sorte
822 2398 888 2449 fuiffi

297 2472 409 2539 ConJuge
420 2488 475 2520 cum
487 2471 555 2521 cari:
565 2489 615 2522 uon
626 2477 704 2538 gravis
713 2473 756 2522 illa
766 2474 823 2524 fuit.

264 2554 309 2603 Seu
321 2556 385 2603 veuti
396 2551 472 2601 fecere
482 2568 576 2610 morae,
589 2554 638 2600 sive
648 2567 744 2617 aequora
753 2555 844 2613 vobie;

217 2647 263 2680 ιιο
296 2629 332 2681 Ad
348 2630 415 2680 nulla
425 2630 457 2679 est
466 2629 540 2679 vellet
549 2628 637 2678 damna
647 2645 751 2679 retentus
763 2647 842 2680 amor.

263 2707 351 2759 Oscula
361 2724 405 2758 uec
415 2711 481 2758 venti
491 2706 553 2757 certe
563 2722 659 2756 teoucre
669 2742 678 2767 ,
689 2724 734 2757 uec
744 2706 816 2758 unda
826 2727 835 2759 e

295 2788 456 2853 Promptaque
469 2789 495 2834 in
505 2785 626 2850 amplexus
638 2787 734 2835 brachia
744 2786 836 2851 semper
848 2804 926 2840 etant.

261 2865 300 2913 Sic
310 2867 403 2912 utinam
416 2879 517 2912 ertatem
527 2880 533 2911 =
548 2862 637 2912 faceres
647 2876 674 2911 tu
682 2863 783 2922 mollia,
792 2868 901 2930 conjux,

293 2939 399 3004 AEquota
411 2957 417 2987 ε
429 2954 451 2988 te
462 2940 541 3000 socii,
554 2939 589 2988 nil
601 2942 661 2989 mihi
669 2940 732 2989 triste
741 2941 813 2991 foret.

216 3015 332 3089 115Nunc
346 3032 457 3082 quoque,
467 3017 615 3067 Telemacho
627 3033 706 3067 tecum
721 3021 782 3068 mihi
792 3022 880 3086 sospite
890 3021 965 3086 leue,

293 3094 382 3145 Omnia
395 3095 449 3143 sunt
459 3096 540 3144 animo
549 3099 600 3161 jam
608 3096 699 3146 leviora
708 3097 779 3148 mala.

259 3171 340 3234 Quem
353 3188 434 3224 tamen
440 3172 538 3224 infestet
548 3176 627 3224 rursus
637 3191 724 3242 queror
735 3178 770 3226 ire
777 3193 819 3243 pfl
830 3177 923 3242 undet,
