2367 3992
173 529 175 533 .
259 480 796 565 nenoronsAEmV.
867 509 909 573 73

200 600 249 652 Illic
261 616 284 652 tc
298 604 411 662 invenio,
423 618 570 669 quamquam
582 604 719 668 regionibus
730 603 802 653 absis.
919 617 961 668 ης

228 680 275 731 Sed
284 698 337 730 non
343 681 416 746 longa
427 683 482 730 satis
490 679 576 746 gaudia
586 684 682 731 somnus
691 683 771 732 habet.

140 760 142 791 ²
197 760 260 824 Saepc
271 774 326 809 tuos
337 758 415 808 nostra
427 762 517 807 cervice
529 776 626 807 onerate
634 759 751 820 lacertos,

140 832 143 849 '
170 854 179 884 ι
226 837 292 901 Saepe
308 852 355 884 tua
366 834 450 884 videor
465 833 610 900 supposuisse
625 854 702 887 meos.

157 943 160 958 ι
195 911 309 964 Blandior
318 911 458 973 interdum,
472 916 580 978 verisque
591 914 716 964 simillima
727 916 800 965 verba

223 992 335 1058 Eloquor
347 1009 353 1039 ι
366 991 503 1056 &vigilant
514 992 619 1040 sensibus
630 1009 672 1040 ora
680 995 748 1042 meis.

194 1070 282 1119 Oscula
295 1071 435 1134 cognosco,
451 1085 503 1134 qua
518 1083 544 1117 tu
559 1062 711 1119 committere
726 1069 830 1135 lingua,

224 1149 335 1213 Aptaque
348 1148 472 1195 consuetas
486 1151 607 1210 accipere,
619 1139 674 1212 apta
684 1146 748 1198 date.

193 1225 313 1275 Ulteriora
320 1222 397 1290 pudet
406 1239 514 1283 narrare3
528 1223 570 1273 scd
580 1229 663 1274 omnia
676 1225 737 1275 fiunt
747 1261 757 1286 ,

223 1304 254 1352 Et
267 1307 354 1368 juvat,
373 1306 398 1351 δι
410 1305 493 1351 sinete
506 1318 557 1351 non
568 1302 628 1350 libet
638 1300 683 1352 effe
694 1306 765 1352 mihi.

193 1381 223 1432 At
233 1380 290 1432 crim
300 1383 324 1430 sc
333 1381 406 1430 Titan
420 1378 540 1440 ostendit,
553 1385 578 1430 &
590 1385 673 1430 omnia
684 1384 763 1430 secum
775 1399 784 1442 ς

161 1479 164 1486 ·
224 1459 287 1508 Tam
303 1457 354 1507 citb
367 1475 406 1506 me
420 1460 515 1506 somnos
527 1455 655 1508 destituisse
668 1476 764 1524 queror.

191 1537 263 1586 Antra
270 1549 455 1602 nemusq3peto,
463 1552 587 1602 tamquam
594 1555 676 1587 nemus
679 1553 779 1614 ἕως,
789 1540 894 1603 prosint:

221 1615 329 1665 Conscia
342 1612 432 1663 deliciis
444 1613 487 1662 illa
501 1613 565 1663 suste
575 1618 630 1664 tuis.

189 1692 248 1742 Illuc
259 1695 348 1742 mentis
354 1696 440 1757 inops,
452 1707 478 1741 ut
489 1709 562 1758 quam
573 1693 664 1742 furialis
675 1694 791 1745 Erichtho

221 1771 341 1836 impulit,
353 1773 379 1819 in
390 1769 455 1818 collo
466 1773 530 1818 crine
540 1775 649 1836 jacente,
662 1772 735 1823 seror.

188 1848 262 1899 ¹intra
272 1845 358 1898 vident
364 1846 429 1896 oculi
440 1848 522 1896 scabro
534 1847 662 1912 pendentia
673 1852 767 1913 topho,

218 1926 280 1988 Quae
292 1927 354 1975 mihi
368 1923 497 1989 Mygdonii
509 1930 635 1974 marmoris
646 1927 717 1975 instat
724 1941 800 1976 crant.

137 2053 140 2067 ,
187 2005 288 2055 Invento
298 2003 384 2053 silvam
394 2038 402 2062 ‚
414 2019 467 2068 quae
478 2005 538 2067 saepe
550 2005 639 2053 cubilia
652 2007 722 2054 nobis

218 2083 342 2140 Praebuit,
354 2085 379 2129 bt
390 2079 467 2128 multi
476 2083 535 2128 terit
545 2099 621 2145 opaca
631 2082 717 2132 conti:

185 2162 276 2212 Arnon
287 2162 385 2209 invenio
395 2157 523 2233 dominum
533 2159 646 2226 silvaque
657 2177 794 2228 meumque.

177 2262 189 2280 ι
216 2238 274 2287 Vile
285 2237 366 2286 solum
377 2235 443 2284 locus
454 2238 501 2285 est:
514 2235 557 2286 dos
567 2253 618 2287 erat
628 2238 670 2286 ille
680 2239 739 2289 loci.

185 2317 280 2381 Agnovi
290 2311 376 2380 pressas
383 2318 436 2363 noti
445 2317 504 2363 mihi
515 2318 609 2380 cespitis
619 2317 716 2366 herbas:

215 2396 255 2444 De
267 2393 349 2443 nostro
362 2409 462 2442 curvum
474 2391 578 2456 pondere
589 2411 688 2458 gramen
698 2413 757 2447 ctat.

184 2472 304 2530 Incubui,
320 2473 435 2536 tetigique
446 2470 527 2518 locum
538 2505 545 2529 ‚
558 2472 607 2536 qui
619 2489 685 2536 pattc
696 2474 772 2524 suisti:

215 2551 292 2599 Grata
303 2547 367 2612 priris
377 2548 492 2609 lacrymas
503 2549 621 2598 combibit
633 2552 706 2599 herba
721 2567 795 2601 meas.

184 2626 249 2688 Quin
263 2627 337 2675 etiam
348 2627 407 2673 tami
419 2628 501 2688 positis
512 2626 591 2689 lugete
601 2624 714 2678 videntur

213 2701 365 2762 frondibus,
377 2706 402 2751 &
415 2702 488 2750 nullae
499 2700 570 2752 dulce
581 2720 712 2768 queruntur
725 2721 787 2756 aves.

136 2780 139 2787 ’
182 2782 236 2832 Sola
247 2785 329 2830 virum
338 2796 389 2828 non
399 2779 449 2828 ulta
462 2779 514 2843 pil,
529 2781 674 2830 maestissirna
685 2797 772 2844 mater,

211 2858 332 2909 Concinit
343 2857 467 2905 Ismarium
478 2857 576 2906 Daulias
586 2858 705 2922 alesltyn.

181 2937 233 2986 Ales
243 2937 315 2998 Ityn,
326 2936 421 2998 Sappho
431 2933 535 2984 desertos
545 2951 626 2985 cantat
634 2954 736 2990 amores.

211 3016 349 3070 Haslcnu53
362 3028 389 3060 ut
400 3011 480 3062 medii
488 3029 566 3064 cetera
576 3018 645 3064 nosle
656 3017 736 3068 silent.

179 3092 218 3144 Est
229 3089 340 3149 nitidus,
351 3094 476 3155 vitreoque
485 3096 560 3155 magis
569 3093 703 3157 perlucidus
715 3099 794 3158 amni,

210 3172 229 3220 F
230 3186 276 3219 ons
284 3171 360 3219 sacer:
372 3169 436 3221 hunc
447 3169 520 3220 multi
530 3186 620 3221 numen
629 3173 715 3222 habere
724 3189 826 3238 putant:

213 3251 285 3299 Tom.
299 3249 323 3297 I.
780 3251 804 3300 D
