2367 3992
303 491 521 560 Lunqu.
548 450 839 558 EtnorAII.
884 512 947 577 ιη

233 612 266 662 Etr
276 630 321 679 ego
335 613 454 664 confiteor
463 633 469 662 t
478 629 518 664 tua
531 616 584 662 sum
598 630 662 664 nova
672 611 767 678 praeda,
784 610 891 677 Cupido.

260 693 406 757 Porrigimus
416 696 488 741 vilius
500 690 531 742 ad
541 707 581 742 tua
593 697 648 759 jura
658 708 752 740 manus.
967 707 998 739 20

229 769 269 819 Nil
289 786 349 834 opus
364 771 398 819 est
408 770 473 819 bello
487 790 493 818 t
506 787 589 835 pacem
599 773 742 834 veniamque
752 784 866 832 rogamus
876 787 884 816 a

257 848 310 898 Nec
327 851 371 897 tibi
383 849 446 909 laus,
463 853 534 898 armis
545 852 619 898 vitius
630 851 727 897 inermis
739 865 790 896 eto.
921 902 923 907 ,

229 925 302 974 Νεᾶε
315 933 412 976 comam
423 943 504 990 myrto
514 947 519 975 :
530 941 648 976 maternas
657 931 729 992 junge
741 925 879 975 columbas:

256 1004 305 1065 Qui
316 1002 417 1064 deceat,
431 1022 525 1054 currum
538 1008 636 1054 vitricus
650 1007 699 1070 ipse
710 1003 785 1054 dabit.

223 1081 299 1147 Inque
309 1080 368 1131 dato
379 1098 465 1142 curru,
480 1083 571 1148 populo
583 1082 701 1133 clamante
712 1086 861 1150 triumphum
868 1116 878 1144 ,
963 1091 991 1136 ²5

253 1160 345 1218 Stabis3
361 1164 387 1209 &
404 1159 524 1226 adjunctas
536 1177 586 1210 arte
597 1163 705 1210 movebis
715 1179 778 1212 aves.

221 1235 346 1286 Ducentur
359 1242 456 1303 juvenes
474 1242 555 1304 capti,
568 1254 688 1305 captaque
699 1239 800 1304 puellae:

253 1315 312 1366 Haec
326 1317 370 1365 tibi
382 1316 523 1382 magnificus
534 1334 623 1382 pompa
635 1319 768 1382 triumphus
779 1319 832 1366 erit.

218 1393 271 1458 Ipse
283 1411 345 1459 ego,
359 1393 544 1460 praedarecens,
556 1396 644 1444 factum
655 1394 731 1444 modo
738 1393 825 1445 vulnus
833 1394 940 1444 habebor

248 1471 281 1521 Et
291 1489 354 1523 nova
364 1472 460 1539 captivi
468 1473 564 1525 vincula
575 1489 656 1524 mente
667 1474 752 1524 feram.
960 1488 989 1531 3⁰

215 1549 288 1610 Mens
304 1551 372 1601 Bona
382 1549 482 1601 ducetur
497 1552 606 1601 manibus
615 1551 667 1617 post
677 1567 743 1617 terga
754 1553 862 1613 retortis,

249 1629 281 1678 Et
292 1628 388 1690 Pudor,
398 1634 422 1680 δι
434 1631 512 1680 castris
522 1629 638 1697 quicquid
648 1632 743 1681 Amoris
753 1631 827 1681 obest.

215 1704 306 1756 Omnia
319 1724 343 1758 te
356 1723 481 1758 metuent:
494 1707 525 1758 ad
537 1725 559 1758 re
570 1711 611 1757 sua
623 1710 720 1758 brachia
729 1707 837 1758 tendent.

248 1786 360 1851 Vulgus,
373 1788 415 1846 Io,
432 1786 520 1851 magnai
534 1803 610 1846 voce,
622 1787 773 1851 Triumphe,
784 1801 862 1835 canet.

212 1861 342 1914 Blanditiae
353 1868 397 1914 tibi
413 1880 481 1914 erunt
492 1868 593 1914 comites
605 1901 613 1925 ,
624 1864 759 1930 Errorque,
772 1865 908 1931 Furorque,
956 1883 982 1929 35

245 1941 346 1992 Assidud
356 1960 433 2009 partes
445 1943 514 1992 turba
524 1945 603 1992 secuta
614 1958 674 1992 tuas.
972 1891 1052 1996 κ

210 2019 256 2069 His
269 2034 295 2070 tu
310 2020 428 2070 militibus
439 2023 533 2086 superas
543 2023 700 2085 hominesque
710 2019 837 2084 Deosquet

243 2098 302 2148 Haec
314 2101 358 2148 tibi
367 2103 387 2148 si
398 2097 478 2148 demas
490 2096 642 2152 commoda,
655 2097 735 2147 nullus
750 2100 804 2144 eris.

210 2175 279 2226 Laeta
295 2179 453 2242 triumphanti
468 2176 498 2228 de
510 2179 606 2226 summo
616 2176 695 2228 Mater
706 2176 815 2246 Olympo

244 2253 361 2315 Plaudet,
375 2260 399 2305 δ(
411 2259 528 2321 appositas
540 2259 636 2322 sparget
642 2260 668 2305 in
677 2273 720 2305 ora
729 2257 801 2304 rosas.
949 2274 981 2320 40

209 2333 249 2382 Tu
264 2369 272 2393 ‚
294 2351 381 2400 pennas
394 2335 507 2400 gemma,
520 2335 618 2400 gemml
627 2339 733 2384 variante
743 2334 863 2400 capillos,

242 2412 292 2462 lbis
306 2416 331 2462 in
343 2417 429 2465 auratis
441 2430 524 2463 aureus
537 2415 585 2479 ipse
597 2417 664 2463 rotis.

207 2491 276 2540 Tum
285 2508 380 2557 quoque
395 2508 445 2544 non
457 2508 561 2558 paucos,
574 2495 594 2540 si
605 2508 628 2541 te
636 2495 696 2540 bene
706 2494 833 2546 novimus,
845 2507 913 2540 ures:

242 2569 308 2618 Tum
318 2586 415 2636 quoque
426 2573 559 2636 praeteriens
569 2569 668 2620 vulnera
675 2569 752 2619 multa
763 2569 839 2618 dabis.

207 2648 267 2698 Non
277 2647 375 2714 poliunt
385 2684 393 2710 ,
405 2651 462 2700 licet
472 2653 520 2715 ipse
533 2650 609 2710 velis,
622 2645 708 2698 ceffate
718 2650 825 2713 sagitta:
946 2661 975 2711 45

239 2727 341 2779 Fervida
351 2733 432 2779 vicino
442 2727 637 2793 flamma'vapore
648 2743 729 2776 nocet.

205 2808 275 2856 Talis
290 2823 342 2858 erat
355 2807 449 2858 domiti
459 2807 565 2856 Bacchus
577 2803 710 2872 Gangetide
719 2803 796 2854 terrai:

238 2888 278 2936 Tu
289 2889 367 2957 gravis
378 2886 488 2946 alitibus3
502 2886 601 2952 tigribus
613 2885 655 2934 ille
667 2886 722 2935 fuit.

205 2965 287 3034 Eggo,
304 2981 350 3030 ego
362 2964 417 3013 crim
429 2969 517 3030 possim
528 2968 586 3014 sacri
598 2982 650 3031 pars
661 2961 707 3014 ess'e
719 2966 850 3031 triumphi,

239 3044 312 3092 Parce
323 3035 375 3092 tuas
387 3046 412 3091 in
422 3059 460 3091 me
469 3043 582 3108 perdere,
595 3047 684 3104 vidior,
696 3061 761 3107 opes.

204 3120 290 3187 Aspice
302 3125 399 3187 cognati
416 3120 495 3170 felicia
506 3122 605 3172 Caesaris
617 3138 695 3171 arma:

239 3198 295 3262 Qutl
305 3203 399 3264 vincit,
409 3203 484 3254 villos
493 3203 599 3266 protegit
608 3199 666 3262 ille,
678 3215 759 3249 manu.

779 3276 797 3325 f
808 3279 832 3326 ir
