2367 3992
303 386 559 485 I'Iunotnns.
579 415 653 483 En.
670 419 810 488 XVIII.
871 447 916 510 99

150 559 154 563 ·
193 535 252 588 Hoc
264 553 363 602 quoquc
374 540 393 584 si
404 535 484 586 credas
495 571 503 595 ,
514 535 544 586 ad
554 553 577 585 te
587 540 627 586 via
640 555 716 602 prona
726 538 836 591 videtui:

229 618 251 664 A
262 631 285 664 te
297 615 354 669 edm
364 613 452 674 redeo,
464 615 538 665 clivus
549 620 723 681 inertisvaquae.
839 620 852 625 “

191 695 290 743 Invitus
300 707 383 758 repeto
393 697 495 758 patriam
507 712 514 740 ι
526 697 578 759 quis
588 692 685 743 credere
693 698 787 759 possit?

226 774 320 822 Invitus
330 770 393 821 certi
403 788 467 823 nuuc
475 786 558 822 moror
565 773 623 822 urbe
629 773 695 822 mei.

192 853 242 904 Hei
255 853 332 902 mihi!
349 868 392 900 cur
401 839 482 900 animo
492 854 566 916 Juniii
573 885 582 912 ‚
599 847 743 902 secernimur
755 851 846 902 undis?
924 867 966 916 125

226 929 331 995 Unaque
343 944 424 989 mens,
440 928 510 978 tellus
525 945 575 980 non
591 931 720 980 hebetum
731 929 792 980 duos
804 935 814 981 ἓ

192 1009 241 1060 vel
252 1025 294 1058 tua
303 1025 343 1057 me
354 1009 444 1068 Sestos,
454 1008 494 1056 vei
506 1023 528 1057 te
538 1025 592 1058 mea
600 1010 679 1058 sumat
688 1007 784 1072 Abydos
794 1028 801 1058 ι

226 1088 292 1135 Tam
304 1100 345 1135 tua
354 1089 500 1141 tutamini,
515 1086 589 1152 quim
602 1088 646 1135 tibi
656 1088 735 1136 nostra
746 1087 835 1152 placet.

193 1166 248 1218 Cur
258 1183 304 1230 ego
317 1163 473 1226 confundor,
490 1169 583 1231 quoties
594 1164 751 1214 confunditur
760 1170 858 1230 aequori

226 1245 280 1295 Cur
296 1247 370 1298 mihi,
381 1244 530 1303 consoletis,
542 1259 627 1293 ventus
637 1241 716 1292 obeffe
727 1245 816 1308 potest?
920 1269 964 1314 ¹50

191 1323 248 1392 Jant
258 1323 350 1372 nostros
360 1326 427 1373 curvi
437 1336 527 1372 norunt
537 1321 661 1387 delphines
672 1338 764 1370 amores
770 1340 779 1381 3

226 1402 342 1469 Ignotum
352 1417 396 1449 nec
407 1416 448 1450 me
456 1402 558 1465 piscibus
569 1399 616 1450 cue
624 1417 687 1450 reor.

191 1480 247 1528 Jam
256 1493 323 1544 patet
332 1483 426 1528 attritus
437 1480 562 1528 solitarum
572 1480 642 1527 limet
651 1494 768 1544 aquarum

168 1556 172 1560 ’
225 1557 285 1606 Non
296 1557 380 1617 aliter,
397 1557 475 1606 multi
485 1557 559 1623 quim
570 1561 608 1608 via
618 1555 694 1623 preffa
704 1556 766 1607 toti.

192 1634 268 1697 Quod
278 1639 339 1685 mihi
350 1653 399 1685 non
407 1632 465 1685 eiset
474 1672 482 1696 ,
491 1639 538 1685 nisi
549 1639 582 1684 sic
594 1639 655 1695 iter,
667 1649 722 1684 ante
733 1636 863 1702 querebam
918 1656 959 1699 ¹35

224 1718 258 1763 At
267 1732 331 1764 nunc
342 1731 383 1778 per
391 1731 475 1764 ventos
483 1717 530 1762 hoc
541 1730 638 1780 quoque
646 1711 723 1761 dceffe
734 1731 829 1779 queror.

189 1793 314 1842 fluetibus
324 1792 460 1842 immodicis
471 1788 656 1840 Athamantidos
667 1807 764 1855 aequora
777 1807 879 1850 canent,

224 1873 320 1937 Vixque
331 1885 413 1922 manet
423 1886 493 1936 portu
506 1885 558 1919 tuta
568 1873 649 1919 catina
659 1871 711 1917 suo.

188 1948 247 2000 Hoc
257 1966 323 1998 maro
328 1982 338 2006 ,
353 1949 413 1999 dum
424 1948 529 2014 primtim
541 1947 570 1997 de
581 1948 681 2011 Virgine
690 1949 791 1995 nomint
803 1945 880 1995 mersi
886 1981 895 2007 ‚

224 2027 285 2086 Quae
299 2042 378 2088 tenet,
390 2028 423 2076 est
435 2030 541 2081 uastum,
556 2026 603 2076 tale
617 2022 685 2075 fuisse
695 2040 763 2090 puto.
915 2035 959 2078 140

188 2105 221 2155 Et
238 2107 292 2154 satis
303 2106 389 2155 amissi
399 2106 466 2155 locus
476 2108 515 2154 hic
526 2105 623 2154 infamis
633 2105 663 2153 ab
674 2104 744 2152 Helle
755 2104 801 2153 est:

221 2183 305 2250 thue
318 2187 378 2233 mihi
389 2200 485 2250 parcat,
498 2187 598 2233 crimine
608 2200 698 2233 nomen
705 2183 786 2233 habet.

186 2261 291 2312 Invideo
303 2263 413 2324 Phryxo,
426 2279 497 2328 quem
509 2280 549 2328 per
560 2263 704 2312 fretattistia
715 2277 794 2312 tutum

220 2341 300 2389 Aurea
312 2341 418 2406 lanigero
429 2341 515 2391 vellete
525 2346 589 2390 vexit
599 2345 659 2391 ovis.

187 2418 242 2468 Nec
256 2431 336 2469 tamen
347 2417 455 2486 officium
466 2424 558 2484 pecoris
568 2423 664 2470 navisve
674 2425 786 2486 requir03
913 2420 954 2464 ¹45

220 2495 380 2556 Dummodo,
393 2515 450 2563 quas
465 2495 555 2547 findam
567 2514 683 2562 corpote,
701 2497 788 2547 dentur
799 2514 874 2564 aquae.

185 2572 245 2621 Arte
257 2590 316 2638 egeo
326 2574 394 2624 nullo
406 2594 412 2624 ε
425 2574 467 2624 fiat
477 2574 553 2625 modo
566 2578 635 2640 copia
644 2573 733 2635 nandi,

219 2650 289 2702 ldem
300 2655 423 2718 navigium
433 2690 441 2714 ,
452 2658 550 2713 navita,
568 2657 665 2712 vector,
682 2669 732 2702 ero.

183 2727 240 2778 Nec
247 2737 378 2797 sequaraut
385 2733 499 2792 Helicen,
509 2746 564 2791 aut,
574 2732 622 2797 qui
628 2733 705 2793 Tyros
712 2734 800 2794 utitur,
809 2733 904 2785 didon:
976 2790 979 2795 ,

217 2808 318 2858 Publica
328 2827 378 2859 non
387 2826 453 2860 curat
464 2809 540 2860 sidera
550 2811 628 2858 noster
639 2827 715 2874 amor.
909 2827 916 2856 1
926 2826 953 2872 50

182 2883 359 2936 Andromedan
370 2889 429 2937 alius
437 2891 538 2954 spetiet,
550 2888 668 2952 claramve
680 2889 823 2955 Coronam,

217 2961 326 3030 Quaeque
339 2969 413 3015 micat
425 2966 505 3031 gelido
519 2970 636 3018 Parrhasis
648 2971 700 3017 ursa
711 2970 778 3034 polo.

181 3040 216 3092 At
232 3045 309 3104 mihi,
326 3043 393 3110 quod
405 3045 498 3094 Perseus
508 3050 532 3095 ὃ(
544 3064 599 3095 cum
610 3047 668 3096 Jove
680 3047 751 3096 Liber
761 3065 886 3110 amarunt,

217 3118 339 3173 Indicium
350 3121 428 3180 dubie
438 3140 489 3176 non
498 3124 577 3192 placet
587 3122 698 3195 effelviae.
