2367 3992
265 471 309 533 82
369 463 412 531 P.
444 462 624 529 Otrorr
648 463 873 528 NAsortrs

262 591 342 653 Phryx
353 604 402 638 etat
414 588 510 637 Aurorae
521 591 608 648 conjux
617 605 623 634 t
631 600 711 635 tamen
721 584 816 633 abstulit
826 584 917 642 iilum,

215 682 262 715 eoo
296 669 435 717 Extremum
446 668 519 715 nostis
531 680 584 730 quae
594 664 646 712 Dea
655 662 707 712 finit
717 667 770 712 iter.

265 750 343 810 Phryx
353 750 425 796 etiam
438 745 562 803 Anchises,
576 743 704 792 volucrum
717 746 756 791 cui
765 754 840 790 mater
849 740 969 789 Amorum

214 886 215 891 p
298 825 394 877 Gaudet
407 828 431 873 in
442 821 507 873 idaeis
517 819 670 871 concubuisse
682 824 752 885 jugis.
784 853 787 856 -

264 906 332 965 Nec,
346 920 420 969 puto,
436 902 531 951 collatis
542 900 622 949 sormd
638 900 763 955 Menelaiis
774 901 799 946 dt
810 898 897 956 annis,

298 981 380 1032 Judice
392 999 432 1041 te,
447 982 515 1029 nobis
527 977 693 1029 anteferendus
705 981 758 1026 erit.

218 1062 323 1128 205N0n
334 1059 442 1110 dabimus
454 1058 516 1108 certe
527 1061 635 1107 socerum
646 1058 704 1108 tibi.
717 1054 781 1104 clara
792 1054 918 1119 fugantem

299 1140 418 1196 Lumina;
430 1140 472 1204 qui
490 1134 596 1201 trepidos
611 1152 625 1184 a
641 1133 702 1198 dape
713 1148 791 1182 vertat
807 1149 892 1197 equos.

264 1219 317 1270 Nec
335 1233 401 1284 pater
411 1217 443 1266 est
453 1218 548 1264 Priamo
560 1217 635 1264 soceri
647 1211 677 1262 de
692 1211 757 1261 crede
767 1225 878 1260 cruentus
888 1228 898 1269 ς

299 1297 329 1346 Et
343 1299 384 1362 qui
394 1296 504 1357 Myrtoas
515 1296 615 1342 crimine
626 1295 703 1356 signet
712 1307 794 1356 aquas.

265 1375 317 1425 Nec
333 1391 423 1440 proavo
435 1372 517 1436 Stygii
531 1371 611 1420 nostro
622 1384 745 1435 captantur
755 1371 782 1417 in
794 1366 859 1416 unda

218 1452 267 1509 2'10
300 1454 392 1512 Poma,
404 1469 448 1500 nec
460 1454 486 1499 in
502 1447 588 1498 mediis
598 1452 710 1514 quaeritur
724 1451 811 1497 humor
826 1449 904 1512 aquis.

266 1529 332 1592 Quid
347 1545 428 1578 tamen
439 1530 486 1578 hoc
498 1527 585 1587 refert,
602 1531 621 1576 si
631 1542 654 1576 to
666 1541 731 1576 tenet
740 1541 806 1576 ortus
815 1526 844 1575 ab
854 1524 921 1574 illiti

298 1607 402 1672 Cogitur
419 1608 473 1656 huic
488 1604 572 1655 domui
589 1607 696 1671 Juppiter
710 1604 757 1655 esse
768 1608 843 1656 socer.

266 1685 321 1735 Heu
338 1684 442 1734 facinus!
461 1688 518 1734 totis
529 1683 641 1750 indignus
652 1686 760 1734 nostibus
773 1684 815 1732 iile

299 1765 334 1813 Te
346 1778 428 1824 tenet,
449 1763 558 1828 amplexu
574 1763 750 1829 perfruiturque
762 1779 814 1812 tuo.

218 1842 297 1898 2¹5At
312 1845 372 1891 mihi
383 1844 525 1907 conspiceris
535 1843 614 1907 positi
624 1846 665 1892 vix
678 1841 780 1908 denique
791 1841 887 1900 mens55

300 1921 443 1986 Multaque,
456 1937 508 1986 quae
521 1919 628 1980 sedant,
642 1923 792 1986 hocquoque
804 1921 987 1985 tempushabet.

266 1997 378 2047 Hostibus
390 2003 501 2049 eveniant
511 2003 622 2050 convivia
633 2000 690 2049 talia
700 2001 798 2054 nostris,

300 2077 414 2141 Experior
431 2082 510 2141 posito
525 2078 606 2144 qualia
623 2081 682 2143 saepe
696 2095 773 2126 mero.

266 2155 371 2205 Poenitet
382 2157 495 2219 hospitii,
513 2157 582 2214 crim,
598 2173 637 2204 me
646 2159 789 2220 spectante,
805 2155 906 2204 lacertos
982 2170 986 2191 τ

220 2256 268 2291 220
301 2233 418 2296 Imposuit
435 2232 501 2281 coilo
516 2234 613 2281 rusticus
631 2233 672 2280 iste
687 2249 738 2281 tuo.

267 2310 388 2374 Rumpor,
397 2308 524 2358 &invideo
535 2308 603 2375 (quid
609 2314 673 2358 enim
681 2313 848 2359 tamenomnia
858 2328 953 2362 narrem
960 2315 987 2384 ἓ)

300 2388 410 2436 Membra
424 2387 552 2453 superjesid
562 2388 618 2437 crim
630 2403 670 2437 tua
684 2389 745 2437 veste
761 2390 837 2439 fovet.

268 2465 356 2515 Oscula
367 2464 422 2515 cdm
432 2463 490 2516 vero
501 2483 581 2516 coram
592 2483 643 2515 non
653 2464 712 2516 dura
726 2464 830 2527 daretis,

300 2546 361 2593 Ante
373 2544 457 2594 oculos
474 2546 542 2610 posui
554 2545 641 2610 pocula
653 2547 730 2595 sumta
745 2564 821 2596 meos.

221 2624 372 2682 225Lumitra
383 2622 503 2683 demitto,
519 2624 574 2673 crim
591 2638 614 2673 te
625 2639 690 2673 tener
701 2625 784 2674 eruitis
795 2626 855 2677 iile:

302 2701 395 2752 Crescit
407 2707 431 2751 δε
442 2705 520 2752 invito
530 2703 608 2752 lentus
619 2705 644 2752 in
655 2719 696 2751 ore
709 2705 784 2752 cibus.

268 2782 332 2845 Saepe
344 2778 399 2829 dedi
410 2784 513 2845 gemitus
524 2800 530 2830 ε
544 2784 569 2830 δι
580 2796 622 2836 te,
639 2780 742 2841 lasciva,
754 2784 838 2832 notavi

301 2858 328 2906 In
340 2863 430 2922 gemitu
441 2862 513 2908 risum
524 2876 573 2907 non
583 2857 681 2908 tenuisse
691 2877 756 2909 meo.

269 2937 333 3000 Saepe
344 2951 413 2984 mero
423 2937 490 2986 volui
505 2936 630 2986 flammam
641 2941 807 3003 compescere,
827 2954 851 2988 at
862 2939 905 2988 iiia

221 3037 268 3086 ²30
301 3013 403 3070 Crevit3
419 3018 443 3062 &
455 3016 554 3062 ebrietas
564 3018 625 3080 ignis
633 3019 659 3064 itt
669 3019 723 3081 igne
734 3016 790 3064 fuit.

270 3091 397 3157 Multaque
407 3108 436 3141 ne
449 3091 559 3152 videam,
574 3093 642 3143 versi
653 3098 743 3157 cervice
754 3095 885 3143 recumbo:

302 3169 349 3223 Sed
358 3187 454 3224 revocas
464 3172 549 3224 oculos
561 3175 670 3240 protinus
679 3175 731 3240 ipsa
743 3188 819 3224 meua
