2367 3992
285 608 350 672 142
411 585 617 651 Ourntr
651 583 900 654 Arronurr

233 727 260 773 ¹5
279 709 311 757 Et
326 722 383 771 puer
394 705 443 766 est,
459 708 484 764 δι
496 704 573 756 nudus
585 741 594 767 ‚
607 707 682 756 Amor
692 725 698 755 ι
708 710 757 755 sine
767 705 877 756 sordibus
889 694 984 776 annes}

311 786 343 833 Et
360 783 438 832 nullas
447 784 534 844 vestes,
548 800 574 833 ut
585 786 616 833 sit
627 799 735 849 apertus,
752 786 833 834 habet.

278 861 345 926 Quid
358 880 457 928 puerum
467 864 566 912 Veneris
576 867 653 928 pretio
664 863 766 929 prostare
778 865 883 929 jubetis?

310 941 367 1001 Quo
379 945 483 1006 pretium
495 939 600 1001 condat,
619 958 670 991 non
681 944 754 991 habet
764 942 806 990 ille
818 946 907 992 sinum.

276 1019 329 1069 Nec
337 1020 417 1070 Venus
428 1035 483 1085 apta
497 1019 565 1079 feris,
582 1020 681 1069 Veneris
696 1019 832 1082 necinus,
847 1025 939 1072 armine

228 1110 260 1143 20
309 1098 367 1147 Non
381 1095 450 1146 decet
464 1097 574 1146 imbelles
585 1114 630 1146 aera
640 1115 729 1147 merere
740 1098 815 1148 Deos.

276 1177 328 1224 Stat
345 1180 457 1225 meretrix
468 1191 534 1226 cetto
546 1178 620 1226 cuivis
632 1176 767 1225 mercabilis
782 1194 848 1240 aere,

307 1255 339 1303 Et
348 1256 443 1303 miseras
454 1251 516 1320 juffo
526 1271 626 1320 corpore
638 1259 723 1320 quaerit
733 1271 799 1318 opes.

274 1333 386 1383 Devovet
402 1338 530 1398 imperium
546 1348 626 1382 tamen
638 1335 688 1381 haec
704 1332 796 1380 lenonis
807 1335 885 1382 avari:

306 1411 356 1471 Et',
375 1411 442 1477 quod
452 1429 495 1462 vos
508 1412 586 1460 facitis
600 1412 700 1476 sponte,
715 1414 796 1459 coastat
810 1411 877 1461 facit.

227 1509 255 1555 25
275 1491 366 1540 Sumite
376 1495 402 1540 in
414 1491 550 1555 exemplum
564 1488 665 1555 pecudes
675 1492 766 1539 tatione
778 1504 901 1539 carentes:

306 1569 386 1634 Turpe
397 1573 441 1618 erit
449 1572 571 1633 ingenium
582 1571 664 1616 mitius
674 1565 720 1616 effe
732 1566 796 1616 feris.

273 1646 330 1695 Non
338 1662 398 1712 equa
406 1664 491 1695 munus
503 1663 591 1711 equum
602 1680 611 1701 ‚
622 1663 672 1694 non
680 1661 775 1694 taurum
784 1660 857 1695 vacca
864 1645 991 1711 poposcitt

304 1725 363 1773 Non
371 1728 429 1772 aries
444 1725 556 1788 placitam
570 1740 667 1772 munere
679 1738 757 1789 captat
767 1739 848 1772 ovem.

270 1802 327 1852 sora
337 1805 390 1851 viro
402 1802 487 1851 mulier
500 1802 580 1868 spoliis
593 1801 694 1852 exsultat
705 1800 822 1850 ademtis:

223 1903 252 1948 30
302 1880 358 1930 Sola
374 1880 440 1931 locat
449 1883 528 1929 noeies
538 1899 544 1928 :
555 1879 606 1929 sola
618 1877 719 1929 locanda
732 1883 808 1929 venit.

270 1957 398 2020 Etvendit‚
406 1957 472 2025 quod
480 1962 689 2025 utrumquejuvat‚
698 1955 763 2025 quod
772 1972 870 2023 uterque
877 1958 986 2024 petebat:

301 2038 332 2087 Et
343 2041 461 2103 pretium,
473 2041 556 2103 quanti
567 2035 670 2101 gaudeat
684 2039 748 2102 ipsa,
762 2036 828 2086 facit.

268 2115 327 2175 Quae
340 2117 420 2165 Venus
432 2133 459 2164 ex
469 2133 539 2182 aequo
548 2131 649 2166 ventura
662 2115 695 2163 est
709 2129 775 2179 grata
786 2113 896 2176 duobus3

300 2194 381 2243 Altera
391 2211 432 2243 cur
440 2193 508 2242 illam
519 2192 620 2253 vendit,
638 2197 662 2241 ὃ(
674 2194 734 2241 alter
744 2196 819 2242 emit?

220 2291 245 2335 ἧς
267 2269 318 2321 Cur
335 2274 396 2320 mihi
407 2277 437 2322 sit
447 2271 555 2332 damno,
569 2275 614 2320 tibi
625 2275 655 2321 sit
670 2272 761 2320 lucrosa
775 2272 902 2337 voluptas,

298 2349 376 2410 Quam
389 2352 454 2398 socio
465 2364 535 2398 motu
547 2349 637 2398 femina
647 2353 730 2414 virque
740 2349 822 2398 ferunt
833 2354 841 2400 Ξ

263 2428 321 2478 Non
339 2428 398 2479 bene
409 2425 521 2476 conducti
532 2425 641 2478 rendunt
651 2429 753 2492 perjuria
765 2427 846 2475 testes:

296 2505 353 2555 Non
368 2507 428 2554 bene
443 2505 521 2555 seledi
535 2505 622 2572 judicis
638 2522 692 2554 arca
707 2519 780 2569 patet.

262 2586 359 2651 Turpe,
371 2603 422 2634 reos
434 2585 499 2635 emti
511 2587 608 2634 miseros
620 2580 746 2633 defendere
759 2584 858 2648 lingui:

213 2691 245 2734 40
296 2663 370 2724 Quod
382 2665 453 2714 faciat
464 2681 576 2729 magnas,
589 2680 656 2728 turpe
668 2662 771 2712 tribunal
782 2698 790 2722 ‚
805 2680 873 2727 opes.

261 2744 358 2810 Turpe,
376 2747 422 2794 tori
433 2742 512 2793 reditu
523 2745 604 2792 census
620 2758 705 2805 augere
722 2756 847 2806 paternos,

292 2820 323 2869 Et
338 2821 424 2871 faciem
441 2823 507 2871 lucro
523 2817 667 2887 prostituiffe
683 2821 758 2868 suam.

259 2898 342 2948 Gratia
357 2917 405 2964 pro·
416 2901 483 2949 rebus
498 2899 586 2949 merit'o
602 2897 701 2947 debetur
712 2900 823 2946 inemtis:

291 2976 337 3024 Pro
348 2977 411 3025 male
424 2974 542 3027 conducio
553 2978 630 3040 gratia
641 2974 709 3022 nulla
725 2990 790 3023 toro.

208 3077 237 3121 45
258 3053 347 3102 Omnia
363 3050 493 3101 eondustor
505 3051 596 3100 solvit:
609 3048 720 3099 mercede
734 3051 828 3114 solute,
899 3083 902 3089 -

289 3131 346 3180 Non
363 3142 445 3178 manet
459 3125 541 3178 officio
551 3126 647 3178 debitor
663 3127 704 3176 ilie
718 3144 769 3179 tuo.

256 3211 361 3269 Parcite,
376 3207 504 3267 formosae,
514 3209 618 3272 pretium
633 3222 677 3271 pro
687 3210 756 3258 nodie
766 3212 869 3274 pacisci:

287 3285 346 3338 Non
359 3286 431 3338 haber
441 3300 538 3340 eventus
551 3283 649 3338 sordida
661 3285 740 3351 prede
754 3287 841 3338 bonor.
