2367 3992
268 484 332 570 3ss
423 463 818 550 Dnuornoou
911 500 915 508 ·

262 600 322 652 Non
333 614 413 652 tamen
423 602 509 651 excuso
519 599 610 652 reditun
621 619 628 652 ε
638 600 699 655 licet
709 599 815 669 undique
827 599 879 650 fata

297 678 457 728 Accumulent
467 681 564 741 causat,
577 695 686 746 tempora
694 695 767 746 parva
775 693 844 745 peto.

214 762 244 820 ⁶5
264 754 372 816 Thesea,
384 753 452 821 quod
463 756 581 822 superest,
594 772 686 824 patrem
696 756 871 806 tumulabimue
882 769 954 806 antee

296 829 413 882 succedat
427 833 522 883 tumulo
536 849 587 885 non
600 837 650 884 sine
662 837 755 885 honore
765 832 862 884 decent.
919 830 922 836 ’

263 909 304 961 Da
314 911 417 976 spatium
426 913 586 978 veniamque,
597 927 654 978 peto
664 931 670 961 ε
680 928 730 962 non
740 910 847 978 perfidus
857 912 953 961 absume

297 986 349 1038 Nec
360 989 421 1038 mihi
434 991 483 1053 jam
499 989 561 1038 tetri
575 993 650 1038 tutior
664 989 714 1038 ulla
728 989 770 1039 tui
783 989 826 1039 est.

263 1063 385 1132 Quicquid
395 1068 454 1116 mite
465 1064 512 1115 fuit
523 1066 576 1131 post
586 1064 666 1117 diruta
677 1066 808 1133 Pergama,
820 1064 937 1135 quicquid

215 1161 247 1206 7⁰
297 1146 345 1193 Aut
357 1142 438 1200 bella,
453 1157 494 1193 aut
509 1143 587 1210 pelagi
602 1142 725 1194 detinuere
738 1160 834 1203 morae3
938 1181 943 1188 .

262 1221 318 1272 Sola
329 1221 376 1271 fuit
386 1220 481 1272 Thrace
492 1240 500 1272 r
512 1222 589 1288 patrii
601 1239 697 1290 quoque
707 1225 782 1290 jathur
792 1224 820 1272 in
829 1221 889 1278 illa:

295 1299 419 1350 Auxilium
433 1300 527 1364 superet
541 1301 634 1350 ettibut
649 1316 695 1351 una
710 1303 780 1349 meis.

263 1382 288 1430 Si
299 1376 375 1429 modo
385 1392 453 1426 mens
465 1375 548 1427 eadem
560 1396 567 1426 t
579 1393 624 1428 nec
635 1374 702 1445 quod
713 1380 744 1427 rit
754 1381 804 1443 iam
815 1379 877 1426 mihi
889 1375 954 1427 diver

297 1458 389 1522 Regia,
403 1453 525 1520 cecropia
540 1471 591 1505 non
602 1458 682 1504 minor
697 1471 769 1516 arce,
783 1470 887 1505 movet:

214 1555 246 1602 75
264 1534 317 1586 Nec
330 1537 402 1600 patrie
415 1530 544 1583 offendunt
556 1534 641 1594 mitre,
654 1549 698 1583 nec
713 1535 816 1583 crimina
830 1536 931 1594 matris3

298 1613 350 1664 Nec
363 1616 411 1678 jam
427 1627 477 1659 non
494 1609 553 1660 felix
572 1613 654 1660 omine
668 1610 842 1677 Demophoon.

264 1688 331 1753 Quid
346 1692 384 1740 lsi
395 1687 525 1738 Phoehiam
537 1701 662 1753 peterem,
673 1703 696 1738 te
708 1691 828 1755 conjuge,
839 1686 959 1750 Troiaml

297 1769 388 1835 Perque
403 1782 477 1816 annot
495 1767 603 1831 sequerer
619 1765 682 1815 bella
696 1763 800 1831 gerenda
811 1762 915 1816 decerni

264 1846 401 1911 Penelopen
411 1841 479 1894 audis
492 1860 498 1891 t
510 1857 563 1893 toto
574 1841 687 1893 laudatur
698 1845 723 1891 in
733 1843 791 1895 orbe
801 1874 811 1903 ,

218 1930 250 1979 80
299 1923 442 1988 Exemplum
454 1919 497 1970 fidi
513 1936 563 1969 non
577 1920 629 1972 leve
643 1920 704 1970 fadia
719 1922 776 1969 tori.

265 2004 310 2053 Illa
325 2005 386 2068 pie,
402 2003 435 2049 sic
451 2015 532 2048 remor
547 2000 599 2058 ait,
616 1996 741 2048 mendacia
752 1996 806 2047 teloe

298 2083 406 2139 struxit,
423 2082 447 2128 ht
466 2078 578 2127 instantes
591 2075 684 2126 diilulit
699 2091 749 2126 arte
764 2091 869 2141 procot:

266 2155 332 2208 Ctlm
349 2170 474 2221 properata
488 2154 569 2221 palam
582 2168 707 2223 reuocaret
720 2155 821 2203 stamina
838 2154 932 2210 nostis.

299 2237 377 2300 Atque
393 2236 479 2281 iterum
493 2232 599 2281 inlanat
614 2249 687 2282 omne
702 2230 790 2283 rediret
804 2247 874 2297 opus.

164 2354 166 2360 .
219 2316 246 2380 85
266 2314 298 2364 At
313 2328 353 2362 tua
367 2327 396 2360 ne
413 2311 506 2374 fugiant
523 2311 595 2373 spreti
610 2311 731 2359 connubia
743 2311 858 2366 Thraces.

300 2390 398 2454 Phylli,
414 2391 483 2437 times
501 2405 506 2435 t
523 2387 560 2436 illi
575 2389 683 2448 nubere,
698 2386 774 2444 dura,
790 2395 878 2454 potes?

267 2469 353 2535 Estque
369 2470 413 2516 tibi
429 2468 507 2530 petius
521 2470 662 2532 quusquam
678 2465 789 2516 accedere
805 2464 894 2516 taeda?

300 2545 384 2596 Obstat
399 2541 503 2610 perfidiae
519 2560 563 2592 nec
578 2561 657 2595 metus
674 2546 716 2595 ille
734 2547 801 2594 tuae?

268 2626 305 2676 Ah
318 2626 324 2674 !
338 2626 381 2674 tihi
392 2636 493 2689 quantus
506 2625 549 2670 erit
560 2622 615 2670 facti
628 2624 700 2673 rubor
712 2624 718 2673 l
732 2627 762 2675 ah
774 2623 780 2672 l
794 2623 839 2672 tibi
851 2638 954 2689 quantun

221 2723 253 2771 90
283 2704 287 2711 ⁴
302 2705 368 2766 Tum
384 2701 472 2760 dolor,
491 2703 588 2765 aspicies
606 2699 661 2750 clim
676 2719 730 2751 mea
745 2702 800 2752 vela
815 2703 921 2771 procul!

268 2783 448 2845 Damnabitque
464 2795 517 2828 tuos
531 2778 582 2828 surh
598 2782 722 2828 temeraria
736 2778 829 2845 questus
842 2799 850 2829 ε

301 2861 482 2922 Demophoon,
500 2855 585 2916 dicet,
602 2860 641 2906 hei
657 2859 717 2907 mihi
731 2857 738 2906 l
751 2855 812 2907 fidus
829 2874 889 2908 etat.

270 2939 434 3000 Demophoon
450 2934 541 2996 rediit,
555 2938 579 2984 δι
596 2937 669 2984 saevos
687 2934 788 2983 forsitan
803 2934 881 2985 Euros

304 3012 399 3068 Pass'us,
413 3017 437 3061 ht
452 3014 561 3062 hibernas
575 3011 635 3062 dum
649 3028 745 3078 quoque
759 3015 833 3063 currit
846 3027 930 3080 aquas.

220 3115 250 3164 95
271 3096 308 3144 Ah
317 3096 323 3144 1
332 3110 372 3143 cur
383 3093 461 3142 nescio
472 3107 544 3157 quarn
555 3092 748 3156 properavimus,
757 3093 879 3141 heimini!
888 3092 999 3159 culpam?

255 3177 335 3247 impl,
350 3187 424 3245 quam
441 3185 535 3237 ruptam
549 3172 602 3222 sum
616 3171 676 3220 mihi
693 3170 793 3244 quella,
810 3168 895 3226 fidem.
