2367 3992
308 529 348 570 12
412 505 456 589 P,
488 507 670 574 ΘΗΜ]
692 513 908 578 NArours

335 625 363 673 In
379 625 496 675 thalamos
513 632 600 692 conjux
616 629 661 677 ibit
672 628 681 694 (
692 631 793 698 eatque)
813 647 876 680 tuos.

302 702 383 767 Digna
393 720 465 753 nurus
477 707 557 753 socero
568 706 634 754 Jovis
644 706 781 773 AEginaeque
792 724 878 773 nepote
891 727 899 767 3

335 780 431 846 Cuique
448 783 516 830 senex
527 783 618 831 Nereus
630 787 742 848 prosocer
756 783 802 834 effe
811 787 880 835 veiit.
898 828 901 837 ,

252 878 283 925 75
303 857 355 908 Nos
364 859 483 918 humiles,
498 860 642 926 famulaeque
652 876 711 922 tuae,
724 862 779 912 data
788 865 859 928 pensa
870 866 1005 924 trahemus;

334 936 366 984 Et
375 940 484 986 minuent
495 939 575 1002 plenas
585 941 684 988 stamina
692 941 854 990 nostra-colos.

301 1014 411 1079 Exagitet
421 1033 450 1064 ue
462 1035 500 1067 rue
512 1017 605 1066 tanctim
618 1034 673 1078 tua,
686 1017 816 1083 deprecor,
830 1037 905 1081 uxor,

334 1094 393 1153 Quae
410 1098 470 1144 mihi
480 1098 560 1144 nescio
572 1114 620 1162 quo
633 1114 681 1145 nou
692 1101 737 1145 erit
747 1113 813 1163 aequa
824 1096 908 1147 modo.

300 1171 368 1222 Neve
385 1190 450 1221 rrreos
461 1191 541 1223 coram
554 1174 630 1224 scindi
642 1178 731 1240 patiare
742 1176 857 1239 capilios;

252 1247 284 1295 80
334 1251 366 1300 Et
379 1251 461 1301 leviter
472 1251 536 1301 dicas
548 1273 553 1300 ι
566 1254 623 1302 Haec
633 1271 728 1319 quoque
740 1255 819 1304 nostra
833 1256 887 1305 suit.

300 1328 346 1380 Vel
361 1335 450 1394 patiare
466 1333 536 1391 licet,
548 1330 606 1381 dum
619 1349 647 1379 ue
658 1347 780 1380 contemta
789 1333 921 1398 relinquat.

331 1406 379 1456 Hic
395 1411 472 1469 mihi,
485 1426 520 1460 vae
531 1411 637 1458 miserat!
649 1414 756 1458 concutit
765 1407 815 1459 ossa
827 1425 925 1460 tremor.

300 1486 367 1548 Quid
379 1503 458 1538 tamen
474 1491 578 1553 expectas
589 1492 597 1536 Ξ
610 1488 790 1552 Agamemnona
800 1492 901 1553 poeuitet
910 1492 969 1550 irae,

258 1621 261 1625 ,
332 1566 363 1614 Et
375 1571 437 1631 jacet
448 1583 501 1616 ante
514 1567 670 1615 tuoecraecia
682 1567 761 1615 maesta
771 1565 850 1631 pedes.

252 1632 281 1698 85
300 1644 376 1694 Vince
386 1648 477 1695 animos
494 1649 601 1709 iramque
613 1660 692 1703 tuam,
710 1647 752 1709 qui
763 1659 839 1693 cetera
850 1647 934 1694 vincis.

333 1720 398 1782 Quid
409 1721 496 1771 lacerat
507 1722 601 1770 Danaas
613 1725 714 1786 impiger
726 1722 812 1770 Hector
828 1726 901 1787 opes?

298 1802 372 1851 Arma
382 1818 454 1867 cepe,
465 1798 578 1859 AEacida,
593 1798 634 1848 sed
644 1817 682 1847 me
695 1815 775 1848 tamen
784 1815 838 1848 aute
850 1814 961 1864 receptu

331 1878 363 1930 Et
382 1897 462 1945 preme
473 1881 597 1939 turbatos,
612 1879 691 1926 Marte
706 1878 816 1936 favente,
832 1881 906 1926 vitos.

298 1958 398 2023 Propter
411 1976 449 2007 me
459 1973 526 2007 mota
538 1957 586 2012 est,
600 1971 697 2021 propter
708 1973 746 2003 me
758 1953 849 2004 desinat
861 1959 909 2014 ira;

248 2054 281 2102 90
331 2039 427 2102 Simque
440 2053 484 2101 ego
496 2036 594 2085 tristitiae
605 2036 673 2083 causa
683 2032 815 2100 modusque
829 2049 883 2082 tuae.

298 2114 350 2165 Nec
362 2117 405 2165 tibi
414 2131 481 2179 turpe
489 2130 546 2178 puta
557 2115 665 2178 precibus
676 2113 826 2162 succumbere
837 2112 937 2161 nostrist

312 2252 316 2257 ¹
331 2191 449 2257 Corjugis
464 2189 559 2241 OEnides
573 2192 651 2240 versus
663 2195 688 2239 irr
703 2208 767 2239 arma
778 2208 846 2256 prece
860 2191 901 2239 est.

297 2270 343 2320 Res
355 2268 521 2328 audiremur,
533 2284 591 2318 nota
604 2269 636 2316 est
648 2270 705 2317 tibi:
714 2269 824 2317 fratribus
835 2269 893 2317 orbe

329 2347 435 2397 Devovit
444 2351 495 2397 uati
506 2349 617 2413 spemque
628 2362 745 2412 caputque
756 2364 848 2412 parent.

247 2454 278 2500 95
296 2425 391 2475 Bellum
402 2441 452 2475 erat
464 2445 469 2474 ι
482 2426 522 2474 ille
535 2425 601 2474 ferox
614 2427 697 2489 positis
707 2425 800 2474 secessit
810 2427 839 2474 ab
850 2429 921 2477 armis
927 2460 937 2488 ‚
1004 2449 1007 2453 ·

329 2503 360 2552 Et
370 2507 451 2568 patriae
465 2500 541 2568 rigidi
551 2519 632 2551 mente
647 2507 743 2567 negavit
759 2520 840 2569 opem.

296 2583 353 2632 Sola
364 2585 443 2632 virum
454 2586 540 2644 conjux
551 2580 626 2630 flexit.
639 2581 741 2629 felicior
751 2581 808 2631 illa!

328 2664 360 2709 At
369 2678 423 2710 mea
435 2661 492 2724 pro!
509 2660 578 2708 nuilo
596 2657 700 2724 pondere
712 2661 783 2709 verba
800 2657 895 2711 cadunt.

296 2736 348 2786 Ne'c
364 2754 444 2790 tamen
455 2735 568 2802 indignor
580 2757 585 2785 :
596 2755 639 2786 nec
650 2755 688 2786 me
698 2754 742 2802 pro
754 2743 854 2803 conjuge
865 2740 943 2802 gessi,

200 2832 202 2837 ·
249 2836 296 2868 100
329 2816 417 2878 Saepius
428 2818 452 2863 iu
466 2813 559 2865 domiui
571 2817 636 2864 serva
647 2830 732 2864 vocata
743 2830 831 2864 torum.

294 2892 337 2942 Me
348 2891 471 2958 quedam,
483 2896 600 2948 memini,
617 2891 740 2942 domiuum
752 2897 844 2958 captiva
855 2895 957 2945 vocabat
969 2914 976 2944 t

326 2971 427 3019 Servitio
437 3005 445 3030 ,
457 2968 523 3029 diri,
538 2975 642 3021 nominis
654 2969 720 3020 addis
732 2989 800 3020 onus.

293 3049 337 3099 Per
356 3064 436 3100 tamen
447 3045 497 3100 ossa
507 3051 566 3106 viri,
582 3050 660 3097 subito
670 3049 733 3097 male
749 3051 808 3099 tesia
824 3051 950 3116 sepulcro,

325 3130 421 3192 Semper
432 3124 526 3192 judiciis
536 3124 586 3176 ossa
596 3126 698 3178 verende
711 3130 769 3176 meis
779 3145 787 3186 ς

247 3207 382 3276 to5Perque
393 3209 465 3258 trium
475 3205 548 3259 sortes
560 3209 668 3269 ammas,
679 3223 732 3257 mea
742 3208 854 3269 numina,
866 3206 985 3270 fratrum,
