2367 3992
266 461 335 543 306
388 454 577 520 Ovrorr
611 454 851 521 Nasonis

263 575 371 626 Dimotis
383 573 459 626 caudi
470 609 477 634 ‚
490 571 615 624 submissus
627 573 703 636 sidit,
721 578 807 624 arenis.

264 655 946 705 *eaaeeaeeeeainaum

217 764 244 812 ²5
264 733 377 789 Emicat,
390 748 461 798 atque
476 729 546 780 dolos
560 731 621 780 saltu
638 729 732 781 deludit
743 731 843 782 inultus.
870 793 872 796 Ι

264 810 934 846 etaeeeeieeaeee

262 891 294 941 Et
305 905 410 939 muraeua
426 888 508 948 seror,
523 891 604 937 teretis
618 890 663 937 sibi
678 889 774 939 conscia
789 892 869 955 tergi,

261 967 300 1020 Ad
311 969 388 1016 laxata
406 969 481 1031 magis
496 967 609 1014 conversa
620 966 740 1016 foramina
754 970 825 1022 retis,

262 1043 372 1096 Tandem
386 1061 427 1110 pet
437 1044 528 1094 multos
539 1042 620 1094 evadit
630 1044 722 1095 lubrica
732 1044 817 1095 flexus.

261 1125 425 1190 Exemploque
436 1138 522 1178 uocet,
533 1125 623 1172 cunctis
637 1126 767 1174 intervenit
777 1140 835 1174 una.

216 1218 245 1264 30
261 1205 294 1254 At
310 1202 395 1253 contri
407 1201 509 1267 scopulis
528 1201 612 1251 crinali
623 1219 723 1267 torpore
734 1204 813 1268 segnis

261 1283 366 1348 Polypus
386 1284 475 1341 haeret,
491 1283 515 1330 δι
531 1282 575 1329 hac
587 1278 663 1329 eludit
673 1283 732 1329 retia
742 1278 828 1330 fraude
839 1315 849 1343 ‚

262 1362 294 1413 Et
305 1363 347 1411 sub
366 1361 418 1427 iege
432 1361 481 1410 loci
498 1362 572 1408 sumit
583 1373 709 1425 mutatque
719 1359 849 1420 colotem3

262 1443 360 1507 Semper
374 1443 396 1490 ei
408 1440 493 1490 similit
503 1473 512 1500 ‚
524 1456 596 1505 quem
612 1441 723 1504 contigit.
734 1438 815 1505 Atque
826 1438 868 1488 ubi
878 1435 973 1503 predam

262 1519 410 1569 Pendentem
429 1518 483 1568 setis
496 1516 578 1576 avidus
593 1519 671 1582 rapit,
683 1516 724 1567 hic
741 1533 841 1584 quoque
855 1515 919 1566 saliit

215 1609 241 1655 35
262 1597 332 1646 Elato
349 1597 460 1656 calamo,
475 1595 530 1644 etim
549 1593 648 1644 demum
661 1596 765 1645 emersus
775 1598 801 1644 iu
815 1612 884 1645 aurat

259 1675 360 1725 Brachia
377 1670 501 1733 dissolvit,
514 1673 704 1740 populatumque
717 1675 810 1739 exspuit
823 1677 932 1724 hamum.

260 1753 292 1803 At
308 1752 387 1818 Mugil
399 1750 475 1801 caudi
490 1750 633 1816 pendentem
649 1754 771 1802 everberat
782 1755 881 1815 escam,

260 1829 434 1898 Excussamque
448 1830 515 1896 legit.
528 1832 608 1895 Lupus
619 1834 667 1880 acri
678 1834 787 1881 conciuit
799 1829 838 1881 iri

261 1911 375 1960 Discursu
388 1909 462 1959 fertur
471 1913 553 1964 vario,
564 1908 695 1975 flusiusque
713 1910 817 1960 fetentes

212 2003 244 2047 40
261 1991 433 2055 Prosequitur,
452 1985 590 2055 quassatque
603 2003 690 2053 caput,
704 1986 763 2038 dum
778 1989 879 2040 vulnere
890 1991 960 2042 saevus

260 2069 351 2119 Laxato
373 2067 442 2118 cadat
452 2071 536 2117 hamus
547 2102 555 2121 ,
572 2071 597 2117 Bt
607 2083 650 2116 ora
659 2071 766 2132 patentia
778 2068 883 2134 linquat.

190 2153 191 2156 ’
260 2147 312 2197 Nec
328 2150 434 2213 proprias
448 2151 509 2196 vires
520 2148 595 2195 nescit
604 2147 711 2195 Muraena
725 2146 847 2197 nocendi:

260 2225 405 2291 Auxilioque
422 2227 465 2274 sibi
478 2225 525 2283 est,
539 2227 620 2273 morsu
631 2241 674 2274 nec
688 2229 825 2275 comminus
840 2231 890 2278 acri

259 2303 370 2357 Deficit,
383 2318 424 2351 aut
438 2306 530 2352 animos
540 2305 610 2366 ponit
623 2307 718 2367 captiva
727 2306 842 2354 minaces.

212 2397 240 2443 45
262 2383 359 2432 Authias
375 2383 411 2429 his
422 2395 488 2445 tergo
500 2397 553 2446 quae
562 2385 688 2440 concutit,
699 2385 774 2431 utitur
782 2385 871 2438 armis,

261 2463 319 2511 Vim
330 2463 401 2526 spinae
411 2463 526 2525 novitque
536 2461 599 2518 suae,
615 2462 730 2526 versoque
743 2462 840 2525 supinus

261 2540 370 2606 Corpore
385 2540 434 2587 lina
448 2541 524 2597 secat,
537 2536 658 2605 fixumque
669 2542 790 2604 intercipit
801 2541 912 2590 hamum.
986 2556 989 2564 ·

261 2619 935 2653 *tremutantia*

261 2699 349 2750 Cetera
363 2714 415 2764 qttae
432 2695 513 2746 densas
524 2697 634 2745 habitant
645 2695 758 2746 animalia
772 2697 860 2754 silvas,

262 2779 308 2828 riut
328 2780 383 2826 vani
395 2778 505 2842 quatiunt
522 2776 613 2838 semper
627 2773 751 2840 lymphata
769 2777 881 2830 timores,

214 2862 243 2907 50
262 2855 309 2904 Aut
327 2858 399 2904 trahit
419 2858 445 2903 in
459 2870 560 2919 praeceps
578 2870 628 2902 non
639 2855 693 2902 sana
704 2853 794 2902 ferocia
804 2857 901 2903 mentis.

261 2935 313 2999 ipsa
334 2935 398 2998 sequi
411 2933 502 2980 Natura
517 2946 601 2980 mouet
611 2965 619 2990 ,
631 2931 668 2980 vel
680 2934 816 2980 comminus
834 2934 878 2980 ire.

260 3014 363 3076 Impiger
379 3026 433 3057 ecce
453 3010 502 3058 Leo
514 3010 643 3059 venantim
659 3010 758 3058 stetnere
769 2999 849 3075 pergii

260 3093 379 3154 Agmina,
399 3092 423 3137 δι
442 3085 544 3137 adversis
555 3088 629 3137 insert
640 3091 680 3136 sua
689 3091 784 3152 peiiora
795 3089 864 3138 telis:

261 3169 364 3236 Quoque
375 3168 456 3228 venit,
475 3164 550 3217 fideus
563 3171 675 3233 magis&
687 3168 801 3218 sublatiot
817 3164 894 3217 ardet.
