2367 3992
283 495 351 562 292
408 477 600 547 Ournrr
642 482 898 552 NAsourr·

279 595 368 648 Desine
380 600 460 650 luelari
472 621 478 649 :
490 601 593 651 referant
602 616 643 652 tua
653 605 749 652 carbasa
756 608 823 654 venti
835 623 843 654 ε

312 677 415 744 Quoque
424 695 511 729 vocant
527 679 609 729 fluilus
621 715 629 741 ,
642 682 688 729 bic
702 682 747 730 tibi
758 698 837 730 remus
851 696 900 732 eat.

278 755 401 821 Explenda
417 760 449 807 est
459 761 508 807 sitis
517 759 559 807 ista
575 761 633 819 tibi,
645 758 692 825 qui
702 757 809 824 perditus
819 758 899 809 ardes.

309 834 425 886 Cedimus
433 839 472 887 :in
482 835 564 885 medio
575 841 624 901 jam
633 837 690 885 licet
700 853 770 886 amne
782 838 860 886 bibas.

230 911 323 969 53:8ed
333 914 387 962 bibe
399 914 451 978 plus
466 917 538 963 etiem
550 948 558 973 ,
571 914 645 979 quim
656 912 723 979 quod
733 913 867 979 praecordia
877 915 991 980 poscunt:

308 992 409 1040 Gutture
419 991 456 1039 fac
466 991 537 1055 pleno
552 993 630 1040 sumta
637 990 754 1041 redundet
764 1008 837 1058 oque.

274 1069 395 1118 Perfruere
411 1085 483 1135 usque
498 1068 553 1129 tui,
571 1070 641 1119 nullo
654 1071 814 1135 prohibente,
827 1071 919 1136 puelli.

305 1146 351 1196 Illa
366 1149 410 1196 tibi
420 1149 500 1196 nones
511 1147 617 1207 auferat,
628 1147 671 1196 illa
682 1145 741 1196 dies.

272 1224 356 1276 Taedia
375 1242 452 1294 quere
465 1245 471 1275 ι
482 1226 550 1275 malis
564 1225 655 1275 faciunt
669 1229 694 1275 δι
709 1225 780 1275 taedia
795 1225 881 1278 finem.

226 1319 271 1365 540
304 1305 357 1354 Jam
370 1322 484 1372 quoque,
496 1304 552 1354 crim
563 1305 644 1354 credas
655 1301 720 1369 poue
734 1322 813 1354 carere
826 1340 834 1366 ,
847 1325 928 1356 mane.

271 1384 337 1432 Dum
352 1386 411 1432 bene
428 1400 451 1433 te
466 1383 587 1437 cumules,
601 1387 625 1433 δι
637 1385 706 1448 copia
717 1382 927 1444 tollatanrorem3

302 1463 322 1510 E
333 1461 437 1512 fastiditi
446 1479 496 1511 non
506 1465 572 1527 Juvet
582 1459 625 1510 iffe
636 1459 721 1510 domo.

268 1540 306 1587 fir
318 1556 414 1604 quoque
426 1539 511 1602 longus
528 1555 613 1598 amor,
629 1555 701 1604 quem
713 1536 849 1590 diffidentia
866 1544 953 1591 nutrit:

300 1618 369 1666 Hunc
387 1633 412 1666 tu
422 1621 441 1665 si
456 1633 545 1682 quaeres
556 1633 657 1682 ponere,
669 1634 732 1681 pone
743 1632 847 1667 metum.

221 1693 315 1756 545Qui
334 1697 420 1755 timer,
438 1708 466 1743 ut
476 1696 516 1743 sua
526 1697 571 1754 sit,
582 1711 629 1744 neu
641 1698 693 1760 quis
703 1696 747 1748 sibi
758 1693 872 1746 detrahat
882 1697 949 1747 illam
959 1715 967 1758 3

299 1773 342 1823 llle
357 1772 502 1823 Machaonii
513 1775 553 1821 vix
562 1789 609 1837 ope
620 1775 688 1821 sanus
702 1777 755 1821 erit.

188 1843 190 1847 ’
266 1852 321 1901 Plus
331 1867 395 1902 amat
407 1869 419 1900 e
430 1855 490 1901 naris
501 1865 576 1900 mater
586 1850 727 1917 plerumque
739 1848 854 1913 duobus,

297 1933 343 1980 Pro
355 1935 421 1997 cujus
436 1929 530 1984 reditu,
550 1928 617 1995 quod
627 1933 689 1994 gerit
702 1945 787 1988 arma,
805 1933 886 1980 timet.

264 2008 304 2056 Est
314 2027 387 2074 prope
400 2009 524 2060 Collinam
540 2009 657 2075 templum
665 2008 800 2072 uenerabile
811 2026 909 2073 portam
921 2029 928 2062 e

217 2099 262 2144 550
296 2088 415 2152 Imposuit
425 2088 516 2152 templo
533 2091 632 2136 nomina
642 2087 716 2136 celsus
732 2086 805 2147 Eryx.

263 2166 302 2215 Est
317 2167 367 2216 illic
380 2168 470 2216 Letaeus
482 2167 575 2226 Amor,
590 2170 632 2232 qui
647 2169 741 2230 pestora
753 2167 821 2214 sanat
832 2183 842 2223 ς

295 2245 370 2309 Inque
380 2248 430 2292 suas
442 2243 545 2308 gelidam
556 2242 678 2308 lampadas
689 2240 757 2292 addit
768 2259 869 2308 aquam.

261 2321 314 2371 Illic
326 2326 455 2387 &juvenes
469 2325 531 2371 votis
543 2322 634 2370 oblivia
644 2323 759 2386 poscunt:

295 2400 325 2449 Et
344 2404 362 2449 si
381 2416 428 2466 qua
442 2400 474 2448 est
486 2398 547 2449 duro
558 2415 627 2464 capta
636 2400 716 2466 puella
727 2402 791 2448 viro.
812 2448 815 2457 ,

215 2479 284 2536 5551s
299 2481 359 2528 mihi
377 2482 409 2528 sic
425 2475 485 2526 dixit
497 2497 503 2525 :
517 2476 639 2544 (dubito,
651 2494 749 2531 verusne
761 2475 883 2540 Cupido,

294 2559 330 2608 An
346 2560 442 2606 somnus
453 2556 525 2604 fuerit
537 2573 544 2614 3
561 2555 602 2605 sed
614 2566 629 2613 ,'
638 2570 697 2620 puto
709 2591 717 2613 ‚
735 2557 833 2604 somnus
850 2555 930 2622 erat.)

261 2636 298 2686 0!
319 2639 360 2702 qui
375 2635 481 2704 solicitos
496 2631 571 2683 modo
583 2631 638 2692 das,
650 2631 726 2682 modi)
737 2631 832 2691 demis,
851 2649 942 2682 amores
949 2665 958 2692 ‚

293 2712 375 2775 Adjice
391 2716 511 2779 praeceptis
526 2715 572 2761 hoc
586 2729 702 2778 quoque,
718 2711 805 2770 Naso,
822 2714 880 2760 tuis.

260 2790 297 2841 Ad
308 2793 371 2840 mala
379 2795 477 2857 quisque
489 2793 596 2839 animum
607 2790 692 2839 referat
702 2791 757 2849 sua,
771 2804 848 2853 ponet
856 2804 972 2840 amorem:

214 2878 258 2926 560
292 2870 410 2916 Omnibus
422 2869 464 2917 illa
477 2867 541 2916 Deus
554 2869 636 2931 plusve
648 2871 756 2917 minusve
767 2865 845 2915 dedit.

259 2947 307 3006 Qui
318 2945 398 2993 Puteal
409 2947 542 3009 limumque
554 2949 640 3005 timet,
652 2946 785 3011 celeresque
796 2943 932 3000 Kalendis,

291 3024 413 3088 Torqueat
429 3023 492 3068 hunc
505 3024 556 3069 aeris
567 3039 650 3073 mutua
661 3026 754 3073 summa
764 3025 809 3072 sui.

258 3102 306 3152 Cui
324 3115 390 3165 pater
398 3098 430 3147 est
440 3095 528 3158 durus,
542 3103 604 3148 votis
621 3117 647 3150 ut
657 3117 734 3150 cetera
744 3099 831 3150 cedant
842 3136 850 3159 ‚

290 3179 352 3228 Huic
367 3192 433 3242 pater
450 3191 505 3227 ante
519 3177 604 3229 oculos
618 3177 690 3231 durus
700 3177 823 3231 habendus
837 3184 893 3233 erit.
976 3169 980 3175 ’
