<?xml version="1.0" encoding="UTF-8"?>
<!DOCTYPE html PUBLIC "-//W3C//DTD XHTML 1.0 Transitional//EN"
    "http://www.w3.org/TR/xhtml1/DTD/xhtml1-transitional.dtd">
<html xmlns="http://www.w3.org/1999/xhtml" xml:lang="en" lang="en">
 <head>
  <title>
</title>
<meta http-equiv="Content-Type" content="text/html;charset=utf-8" />
  <meta name='ocr-system' content='tesseract 3.04.00' />
  <meta name='ocr-capabilities' content='ocr_page ocr_carea ocr_par ocr_line ocrx_word'/>
</head>
<body>
  <div class='ocr_page' id='page_1' title='image "./povidiinasoniso03ovidgoog_0154.png"; bbox 0 0 2367 3992; ppageno 0'>
   <div class='ocr_carea' id='block_1_1' title="bbox 264 433 880 523">
    <p class='ocr_par' dir='ltr' id='par_1_1' title="bbox 264 433 880 523">
     <span class='ocr_line' id='line_1_1' title="bbox 264 433 880 523; baseline 0.003 -21"><span class='ocrx_word' id='word_1_1' title='bbox 264 443 330 523; x_wconf 81' lang='lat'>136</span> <span class='ocrx_word' id='word_1_2' title='bbox 374 433 880 518; x_wconf 77' lang='lat' dir='ltr'>OvrnrrArronrrnr</span> 
     </span>
    </p>
   </div>
   <div class='ocr_carea' id='block_1_2' title="bbox 213 557 914 1794">
    <p class='ocr_par' dir='ltr' id='par_1_2' title="bbox 213 557 914 1794">
     <span class='ocr_line' id='line_1_2' title="bbox 258 557 861 618; baseline 0 -10"><span class='ocrx_word' id='word_1_3' title='bbox 258 558 385 608; x_wconf 82' lang='lat' dir='ltr'>Exanimes</span> <span class='ocrx_word' id='word_1_4' title='bbox 400 572 480 617; x_wconf 86' lang='lat' dir='ltr'>artus,</span> <span class='ocrx_word' id='word_1_5' title='bbox 496 561 521 606; x_wconf 77' lang='grc' dir='ltr'>δι</span> <span class='ocrx_word' id='word_1_6' title='bbox 536 558 643 607; x_wconf 73' lang='lat' dir='ltr'>membre</span> <span class='ocrx_word' id='word_1_7' title='bbox 654 562 780 608; x_wconf 81' lang='lat' dir='ltr'>trementia</span> <span class='ocrx_word' id='word_1_8' title='bbox 795 557 861 618; x_wconf 64' lang='lat' dir='ltr'>vidis</span> 
     </span>
     <span class='ocr_line' id='line_1_3' title="bbox 292 636 806 701; baseline 0.006 -17"><span class='ocrx_word' id='word_1_9' title='bbox 292 636 327 685; x_wconf 88' lang='lat' dir='ltr'>Ur</span> <span class='ocrx_word' id='word_1_10' title='bbox 342 637 398 685; x_wconf 76' lang='lat' dir='ltr'>crim</span> <span class='ocrx_word' id='word_1_11' title='bbox 408 636 522 701; x_wconf 82' lang='lat' dir='ltr'>populeas</span> <span class='ocrx_word' id='word_1_12' title='bbox 531 636 633 685; x_wconf 83' lang='lat' dir='ltr'>ventilat</span> <span class='ocrx_word' id='word_1_13' title='bbox 643 653 698 686; x_wconf 80' lang='lat' dir='ltr'>aura</span> <span class='ocrx_word' id='word_1_14' title='bbox 708 654 789 686; x_wconf 85' lang='lat' dir='ltr'>comas</span> <span class='ocrx_word' id='word_1_15' title='bbox 799 656 806 687; x_wconf 79' lang='lat' dir='ltr'>e</span> 
     </span>
     <span class='ocr_line' id='line_1_4' title="bbox 213 714 829 779; baseline 0 -15"><span class='ocrx_word' id='word_1_16' title='bbox 213 717 224 764; x_wconf 88' lang='lat'>5</span> <span class='ocrx_word' id='word_1_17' title='bbox 230 717 241 764; x_wconf 88' lang='lat'>5</span> <span class='ocrx_word' id='word_1_18' title='bbox 260 715 295 764; x_wconf 90' lang='lat' dir='ltr'>Ut</span> <span class='ocrx_word' id='word_1_19' title='bbox 312 715 361 763; x_wconf 90' lang='lat' dir='ltr'>leni</span> <span class='ocrx_word' id='word_1_20' title='bbox 370 715 480 779; x_wconf 84' lang='lat' dir='ltr'>Zephyro</span> <span class='ocrx_word' id='word_1_21' title='bbox 492 714 585 779; x_wconf 81' lang='lat' dir='ltr'>gracilis</span> <span class='ocrx_word' id='word_1_22' title='bbox 600 715 706 763; x_wconf 79' lang='lat' dir='ltr'>vibratur</span> <span class='ocrx_word' id='word_1_23' title='bbox 719 714 829 774; x_wconf 80' lang='lat' dir='ltr'>arundo,</span> 
     </span>
     <span class='ocr_line' id='line_1_5' title="bbox 293 791 877 857; baseline 0 -15"><span class='ocrx_word' id='word_1_24' title='bbox 293 796 420 843; x_wconf 83' lang='lat' dir='ltr'>Summave</span> <span class='ocrx_word' id='word_1_25' title='bbox 430 791 486 841; x_wconf 82' lang='lat' dir='ltr'>crim</span> <span class='ocrx_word' id='word_1_26' title='bbox 498 791 579 856; x_wconf 84' lang='lat' dir='ltr'>tepido</span> <span class='ocrx_word' id='word_1_27' title='bbox 590 792 710 857; x_wconf 82' lang='lat' dir='ltr'>stringitur</span> <span class='ocrx_word' id='word_1_28' title='bbox 721 791 784 842; x_wconf 83' lang='lat' dir='ltr'>unda</span> <span class='ocrx_word' id='word_1_29' title='bbox 798 793 877 842; x_wconf 78' lang='lat' dir='ltr'>Noto.</span> 
     </span>
     <span class='ocr_line' id='line_1_6' title="bbox 260 868 818 937; baseline -0.002 -16"><span class='ocrx_word' id='word_1_30' title='bbox 260 873 426 936; x_wconf 76' lang='lat' dir='ltr'>Suspensaeque</span> <span class='ocrx_word' id='word_1_31' title='bbox 437 868 478 920; x_wconf 90' lang='lat' dir='ltr'>diu</span> <span class='ocrx_word' id='word_1_32' title='bbox 488 869 599 931; x_wconf 79' lang='lat' dir='ltr'>lacrymae</span> <span class='ocrx_word' id='word_1_33' title='bbox 611 869 698 918; x_wconf 86' lang='lat' dir='ltr'>fluxere</span> <span class='ocrx_word' id='word_1_34' title='bbox 709 888 750 937; x_wconf 85' lang='lat' dir='ltr'>per</span> <span class='ocrx_word' id='word_1_35' title='bbox 761 888 818 932; x_wconf 80' lang='lat' dir='ltr'>ora,</span> 
     </span>
     <span class='ocr_line' id='line_1_7' title="bbox 293 945 785 1014; baseline -0.004 -16"><span class='ocrx_word' id='word_1_36' title='bbox 293 950 400 1010; x_wconf 78' lang='lat' dir='ltr'>Qualiter</span> <span class='ocrx_word' id='word_1_37' title='bbox 411 947 501 1013; x_wconf 66' lang='lat' dir='ltr'>abjecii</span> <span class='ocrx_word' id='word_1_38' title='bbox 517 945 546 997; x_wconf 91' lang='lat' dir='ltr'>de</span> <span class='ocrx_word' id='word_1_39' title='bbox 558 950 612 997; x_wconf 87' lang='lat' dir='ltr'>nive</span> <span class='ocrx_word' id='word_1_40' title='bbox 623 963 705 997; x_wconf 84' lang='lat' dir='ltr'>manat</span> <span class='ocrx_word' id='word_1_41' title='bbox 716 965 785 1014; x_wconf 81' lang='lat' dir='ltr'>aqua.</span> 
     </span>
     <span class='ocr_line' id='line_1_8' title="bbox 261 1024 889 1092; baseline -0.002 -15"><span class='ocrx_word' id='word_1_42' title='bbox 261 1029 330 1077; x_wconf 89' lang='lat' dir='ltr'>Tunc</span> <span class='ocrx_word' id='word_1_43' title='bbox 341 1044 385 1092; x_wconf 84' lang='lat' dir='ltr'>ego</span> <span class='ocrx_word' id='word_1_44' title='bbox 402 1044 439 1075; x_wconf 90' lang='lat' dir='ltr'>me</span> <span class='ocrx_word' id='word_1_45' title='bbox 452 1024 557 1091; x_wconf 81' lang='lat' dir='ltr'>prirmim</span> <span class='ocrx_word' id='word_1_46' title='bbox 571 1029 633 1090; x_wconf 86' lang='lat' dir='ltr'>coepi</span> <span class='ocrx_word' id='word_1_47' title='bbox 650 1027 736 1075; x_wconf 86' lang='lat' dir='ltr'>sentire</span> <span class='ocrx_word' id='word_1_48' title='bbox 749 1042 889 1076; x_wconf 85' lang='lat' dir='ltr'>nocentem:</span> 
     </span>
     <span class='ocr_line' id='line_1_9' title="bbox 214 1102 914 1170; baseline 0.004 -18"><span class='ocrx_word' id='word_1_49' title='bbox 214 1114 244 1152; x_wconf 87' lang='lat'>60</span> <span class='ocrx_word' id='word_1_50' title='bbox 294 1108 391 1170; x_wconf 79' lang='lat' dir='ltr'>Sanguis</span> <span class='ocrx_word' id='word_1_51' title='bbox 402 1120 469 1154; x_wconf 82' lang='lat' dir='ltr'>erant</span> <span class='ocrx_word' id='word_1_52' title='bbox 479 1104 607 1166; x_wconf 70' lang='lat' dir='ltr'>lacrymo,</span> <span class='ocrx_word' id='word_1_53' title='bbox 618 1120 675 1170; x_wconf 81' lang='lat' dir='ltr'>quas</span> <span class='ocrx_word' id='word_1_54' title='bbox 687 1102 759 1153; x_wconf 79' lang='lat' dir='ltr'>dabat</span> <span class='ocrx_word' id='word_1_55' title='bbox 768 1104 826 1164; x_wconf 82' lang='lat' dir='ltr'>iila,</span> <span class='ocrx_word' id='word_1_56' title='bbox 836 1121 914 1155; x_wconf 83' lang='lat' dir='ltr'>meus.</span> 
     </span>
     <span class='ocr_line' id='line_1_10' title="bbox 261 1180 913 1247; baseline -0.008 -13"><span class='ocrx_word' id='word_1_57' title='bbox 261 1185 308 1234; x_wconf 91' lang='lat' dir='ltr'>Ter</span> <span class='ocrx_word' id='word_1_58' title='bbox 323 1199 404 1234; x_wconf 82' lang='lat' dir='ltr'>tamen</span> <span class='ocrx_word' id='word_1_59' title='bbox 415 1198 470 1232; x_wconf 82' lang='lat' dir='ltr'>ante</span> <span class='ocrx_word' id='word_1_60' title='bbox 481 1180 552 1247; x_wconf 85' lang='lat' dir='ltr'>pedes</span> <span class='ocrx_word' id='word_1_61' title='bbox 559 1181 627 1231; x_wconf 89' lang='lat' dir='ltr'>volui</span> <span class='ocrx_word' id='word_1_62' title='bbox 636 1183 790 1246; x_wconf 81' lang='lat' dir='ltr'>procumbere</span> <span class='ocrx_word' id='word_1_63' title='bbox 801 1183 913 1246; x_wconf 82' lang='lat' dir='ltr'>supplex:</span> 
     </span>
     <span class='ocr_line' id='line_1_11' title="bbox 292 1258 755 1325; baseline -0.002 -15"><span class='ocrx_word' id='word_1_64' title='bbox 292 1261 341 1310; x_wconf 88' lang='lat' dir='ltr'>Ter</span> <span class='ocrx_word' id='word_1_65' title='bbox 355 1259 495 1310; x_wconf 78' lang='lat' dir='ltr'>formidatas</span> <span class='ocrx_word' id='word_1_66' title='bbox 507 1260 595 1325; x_wconf 86' lang='lat' dir='ltr'>repulit</span> <span class='ocrx_word' id='word_1_67' title='bbox 603 1258 647 1308; x_wconf 80' lang='lat' dir='ltr'>iila</span> <span class='ocrx_word' id='word_1_68' title='bbox 662 1276 755 1309; x_wconf 85' lang='lat' dir='ltr'>manus.</span> 
     </span>
     <span class='ocr_line' id='line_1_12' title="bbox 260 1335 866 1404; baseline -0.008 -14"><span class='ocrx_word' id='word_1_69' title='bbox 260 1340 293 1390; x_wconf 79' lang='lat' dir='ltr'>At</span> <span class='ocrx_word' id='word_1_70' title='bbox 307 1355 373 1389; x_wconf 93' lang='lat' dir='ltr'>tune</span> <span class='ocrx_word' id='word_1_71' title='bbox 388 1338 486 1394; x_wconf 84' lang='lat' dir='ltr'>dubita,</span> <span class='ocrx_word' id='word_1_72' title='bbox 502 1338 512 1404; x_wconf 93' lang='lat'>(</span> <span class='ocrx_word' id='word_1_73' title='bbox 523 1341 617 1387; x_wconf 88' lang='lat' dir='ltr'>minuet</span> <span class='ocrx_word' id='word_1_74' title='bbox 629 1336 733 1388; x_wconf 72' lang='lat' dir='ltr'>vindiua</span> <span class='ocrx_word' id='word_1_75' title='bbox 743 1335 866 1402; x_wconf 90' lang='lat' dir='ltr'>dolorem)</span> 
     </span>
     <span class='ocr_line' id='line_1_13' title="bbox 293 1415 797 1481; baseline -0.006 -15"><span class='ocrx_word' id='word_1_76' title='bbox 293 1418 403 1466; x_wconf 85' lang='lat' dir='ltr'><strong>Protinus</strong></span> <span class='ocrx_word' id='word_1_77' title='bbox 417 1420 443 1465; x_wconf 89' lang='lat' dir='ltr'>in</span> <span class='ocrx_word' id='word_1_78' title='bbox 456 1415 536 1464; x_wconf 88' lang='lat' dir='ltr'>vuitus</span> <span class='ocrx_word' id='word_1_79' title='bbox 548 1417 666 1481; x_wconf 81' lang='lat' dir='ltr'>unguibus</span> <span class='ocrx_word' id='word_1_80' title='bbox 677 1418 710 1464; x_wconf 90' lang='lat' dir='ltr'>ire</span> <span class='ocrx_word' id='word_1_81' title='bbox 721 1432 797 1464; x_wconf 83' lang='lat' dir='ltr'>meos.</span> 
     </span>
     <span class='ocr_line' id='line_1_14' title="bbox 214 1485 871 1559; baseline 0.003 -19"><span class='ocrx_word' id='word_1_82' title='bbox 214 1485 228 1540; x_wconf 65' lang='grc' dir='ltr'><em>ὲ</em></span> <span class='ocrx_word' id='word_1_83' title='bbox 233 1509 241 1556; x_wconf 88' lang='lat'><em>5</em></span> <span class='ocrx_word' id='word_1_84' title='bbox 261 1494 313 1545; x_wconf 91' lang='lat' dir='ltr'>Nec</span> <span class='ocrx_word' id='word_1_85' title='bbox 328 1495 412 1547; x_wconf 84' lang='lat' dir='ltr'>nostris</span> <span class='ocrx_word' id='word_1_86' title='bbox 423 1493 514 1549; x_wconf 86' lang='lat' dir='ltr'>oculis,</span> <span class='ocrx_word' id='word_1_87' title='bbox 528 1510 572 1543; x_wconf 86' lang='lat' dir='ltr'>nec</span> <span class='ocrx_word' id='word_1_88' title='bbox 586 1493 670 1543; x_wconf 83' lang='lat' dir='ltr'>nostris</span> <span class='ocrx_word' id='word_1_89' title='bbox 681 1511 750 1559; x_wconf 85' lang='lat' dir='ltr'>parce</span> <span class='ocrx_word' id='word_1_90' title='bbox 763 1493 871 1559; x_wconf 77' lang='lat' dir='ltr'>capillis:</span> 
     </span>
     <span class='ocr_line' id='line_1_15' title="bbox 294 1570 803 1637; baseline 0 -17"><span class='ocrx_word' id='word_1_91' title='bbox 294 1573 433 1633; x_wconf 81' lang='lat' dir='ltr'>Quamlibet</span> <span class='ocrx_word' id='word_1_92' title='bbox 443 1571 548 1620; x_wconf 83' lang='lat' dir='ltr'>infirmas</span> <span class='ocrx_word' id='word_1_93' title='bbox 560 1570 657 1637; x_wconf 66' lang='lat' dir='ltr'>adiuvet</span> <span class='ocrx_word' id='word_1_94' title='bbox 666 1576 701 1620; x_wconf 81' lang='lat' dir='ltr'>ira</span> <span class='ocrx_word' id='word_1_95' title='bbox 710 1588 803 1622; x_wconf 82' lang='lat' dir='ltr'>manus.</span> 
     </span>
     <span class='ocr_line' id='line_1_16' title="bbox 261 1650 860 1715; baseline -0.003 -13"><span class='ocrx_word' id='word_1_96' title='bbox 261 1651 328 1702; x_wconf 85' lang='lat' dir='ltr'>Neve</span> <span class='ocrx_word' id='word_1_97' title='bbox 343 1653 391 1698; x_wconf 89' lang='lat' dir='ltr'>mei</span> <span class='ocrx_word' id='word_1_98' title='bbox 401 1650 493 1698; x_wconf 85' lang='lat' dir='ltr'>sceleris</span> <span class='ocrx_word' id='word_1_99' title='bbox 505 1665 552 1699; x_wconf 83' lang='lat' dir='ltr'>tam</span> <span class='ocrx_word' id='word_1_100' title='bbox 566 1651 639 1698; x_wconf 84' lang='lat' dir='ltr'>tristia</span> <span class='ocrx_word' id='word_1_101' title='bbox 648 1655 714 1715; x_wconf 80' lang='lat' dir='ltr'>signa</span> <span class='ocrx_word' id='word_1_102' title='bbox 724 1653 841 1715; x_wconf 81' lang='lat' dir='ltr'>supersint</span> <span class='ocrx_word' id='word_1_103' title='bbox 850 1685 860 1712; x_wconf 88' lang='lat'><strong><em>‚</em></strong></span> 
     </span>
     <span class='ocr_line' id='line_1_17' title="bbox 218 1728 786 1794; baseline -0.004 -15"><span class='ocrx_word' id='word_1_104' title='bbox 218 1751 223 1758; x_wconf 94' lang='lat'>·</span> <span class='ocrx_word' id='word_1_105' title='bbox 293 1728 359 1779; x_wconf 86' lang='lat' dir='ltr'>Pone</span> <span class='ocrx_word' id='word_1_106' title='bbox 369 1731 539 1794; x_wconf 83' lang='lat' dir='ltr'>recompositas</span> <span class='ocrx_word' id='word_1_107' title='bbox 551 1731 576 1777; x_wconf 94' lang='lat' dir='ltr'>in</span> <span class='ocrx_word' id='word_1_108' title='bbox 587 1728 686 1778; x_wconf 80' lang='lat' dir='ltr'>statione</span> <span class='ocrx_word' id='word_1_109' title='bbox 697 1745 786 1778; x_wconf 87' lang='lat' dir='ltr'>comas.</span> 
     </span>
    </p>
   </div>
   <div class='ocr_carea' id='block_1_3' title="bbox 279 1831 978 2028">
    <p class='ocr_par' dir='ltr' id='par_1_3' title="bbox 279 1831 978 2028">
     <span class='ocr_line' id='line_1_18' title="bbox 279 1831 958 1905; baseline 0 -7"><span class='ocrx_word' id='word_1_110' title='bbox 279 1831 958 1905; x_wconf 48' lang='lat' dir='ltr'>422·ta</span> 
     </span>
     <span class='ocr_line' id='line_1_19' title="bbox 402 1964 978 2028; baseline -0.007 0"><span class='ocrx_word' id='word_1_111' title='bbox 402 1964 840 2028; x_wconf 85' lang='lat' dir='ltr'><strong>ELEGIAVIII.</strong></span> <span class='ocrx_word' id='word_1_112' title='bbox 976 1978 978 1980; x_wconf 83' lang='grc'><strong>’</strong></span> 
     </span>
    </p>
   </div>
   <div class='ocr_carea' id='block_1_4' title="bbox 186 2053 985 3210">
    <p class='ocr_par' dir='ltr' id='par_1_4' title="bbox 186 2053 985 3210">
     <span class='ocr_line' id='line_1_20' title="bbox 263 2053 985 2195; baseline -0.001 -17"><span class='ocrx_word' id='word_1_113' title='bbox 263 2053 488 2194; x_wconf 59' lang='grc' dir='ltr'>Εετςιιεάεῐη,</span> <span class='ocrx_word' id='word_1_114' title='bbox 500 2128 661 2195; x_wconf 74' lang='lat' dir='ltr'>(quicumque</span> <span class='ocrx_word' id='word_1_115' title='bbox 668 2128 735 2180; x_wconf 83' lang='lat' dir='ltr'>volet</span> <span class='ocrx_word' id='word_1_116' title='bbox 743 2126 985 2194; x_wconf 78' lang='lat' dir='ltr'>cognoscereicnasn,</span> 
     </span>
     <span class='ocr_line' id='line_1_21' title="bbox 295 2204 914 2274; baseline -0.002 -19"><span class='ocrx_word' id='word_1_117' title='bbox 295 2204 384 2255; x_wconf 81' lang='lat' dir='ltr'>Audiat</span> <span class='ocrx_word' id='word_1_118' title='bbox 396 2226 402 2253; x_wconf 89' lang='lat'><strong>:</strong></span> <span class='ocrx_word' id='word_1_119' title='bbox 416 2207 425 2272; x_wconf 89' lang='lat'><em>)</em></span> <span class='ocrx_word' id='word_1_120' title='bbox 441 2206 473 2254; x_wconf 84' lang='lat' dir='ltr'>eii</span> <span class='ocrx_word' id='word_1_121' title='bbox 487 2205 596 2270; x_wconf 81' lang='lat' dir='ltr'>quaedam</span> <span class='ocrx_word' id='word_1_122' title='bbox 606 2242 613 2266; x_wconf 93' lang='lat'>,</span> <span class='ocrx_word' id='word_1_123' title='bbox 623 2211 721 2256; x_wconf 88' lang='lat' dir='ltr'>nomine</span> <span class='ocrx_word' id='word_1_124' title='bbox 732 2208 830 2271; x_wconf 82' lang='lat' dir='ltr'>Dipsas,</span> <span class='ocrx_word' id='word_1_125' title='bbox 842 2221 914 2274; x_wconf 27' lang='lat' dir='ltr'>enus..</span> 
     </span>
     <span class='ocr_line' id='line_1_22' title="bbox 263 2282 851 2349; baseline -0.002 -17"><span class='ocrx_word' id='word_1_126' title='bbox 263 2282 298 2332; x_wconf 83' lang='lat' dir='ltr'>Ex</span> <span class='ocrx_word' id='word_1_127' title='bbox 313 2299 337 2330; x_wconf 93' lang='lat' dir='ltr'>re</span> <span class='ocrx_word' id='word_1_128' title='bbox 347 2299 436 2330; x_wconf 89' lang='lat' dir='ltr'>nomen</span> <span class='ocrx_word' id='word_1_129' title='bbox 447 2283 518 2331; x_wconf 75' lang='lat' dir='ltr'>habet</span> <span class='ocrx_word' id='word_1_130' title='bbox 529 2302 534 2330; x_wconf 75' lang='grc' dir='ltr'><strong>ε</strong></span> <span class='ocrx_word' id='word_1_131' title='bbox 545 2287 608 2348; x_wconf 87' lang='lat' dir='ltr'>nigri</span> <span class='ocrx_word' id='word_1_132' title='bbox 615 2301 665 2332; x_wconf 90' lang='lat' dir='ltr'>non</span> <span class='ocrx_word' id='word_1_133' title='bbox 674 2284 716 2333; x_wconf 83' lang='lat' dir='ltr'>iila</span> <span class='ocrx_word' id='word_1_134' title='bbox 727 2300 851 2349; x_wconf 73' lang='lat' dir='ltr'>parentem</span> 
     </span>
     <span class='ocr_line' id='line_1_23' title="bbox 295 2360 792 2428; baseline -0.004 -18"><span class='ocrx_word' id='word_1_135' title='bbox 295 2361 433 2410; x_wconf 82' lang='lat' dir='ltr'>Memnonis</span> <span class='ocrx_word' id='word_1_136' title='bbox 443 2363 468 2409; x_wconf 86' lang='lat' dir='ltr'>in</span> <span class='ocrx_word' id='word_1_137' title='bbox 479 2362 549 2410; x_wconf 87' lang='lat' dir='ltr'>roseis</span> <span class='ocrx_word' id='word_1_138' title='bbox 557 2363 636 2411; x_wconf 80' lang='lat' dir='ltr'>sobria</span> <span class='ocrx_word' id='word_1_139' title='bbox 645 2360 707 2412; x_wconf 87' lang='lat' dir='ltr'>vidit</span> <span class='ocrx_word' id='word_1_140' title='bbox 718 2366 792 2428; x_wconf 88' lang='lat' dir='ltr'>equis.</span> 
     </span>
     <span class='ocr_line' id='line_1_24' title="bbox 233 2438 844 2506; baseline -0.008 -13"><span class='ocrx_word' id='word_1_141' title='bbox 233 2444 244 2493; x_wconf 84' lang='lat'>5</span> <span class='ocrx_word' id='word_1_142' title='bbox 265 2439 309 2490; x_wconf 79' lang='lat' dir='ltr'>Illa</span> <span class='ocrx_word' id='word_1_143' title='bbox 318 2455 398 2504; x_wconf 80' lang='lat' dir='ltr'>magas</span> <span class='ocrx_word' id='word_1_144' title='bbox 413 2454 472 2488; x_wconf 85' lang='lat' dir='ltr'>artes</span> <span class='ocrx_word' id='word_1_145' title='bbox 487 2475 495 2500; x_wconf 82' lang='lat'>,</span> <span class='ocrx_word' id='word_1_146' title='bbox 514 2438 625 2506; x_wconf 84' lang='lat' dir='ltr'>AEaeaque</span> <span class='ocrx_word' id='word_1_147' title='bbox 639 2443 744 2489; x_wconf 76' lang='lat' dir='ltr'>carmina</span> <span class='ocrx_word' id='word_1_148' title='bbox 758 2443 844 2501; x_wconf 90' lang='lat' dir='ltr'>novit,</span> 
     </span>
     <span class='ocr_line' id='line_1_25' title="bbox 297 2518 824 2585; baseline 0.002 -19"><span class='ocrx_word' id='word_1_149' title='bbox 297 2518 371 2584; x_wconf 87' lang='lat' dir='ltr'>inque</span> <span class='ocrx_word' id='word_1_150' title='bbox 382 2534 453 2584; x_wconf 82' lang='lat' dir='ltr'>caput</span> <span class='ocrx_word' id='word_1_151' title='bbox 463 2518 554 2584; x_wconf 79' lang='lat' dir='ltr'>rapidas</span> <span class='ocrx_word' id='word_1_152' title='bbox 567 2534 617 2568; x_wconf 82' lang='lat' dir='ltr'>arte</span> <span class='ocrx_word' id='word_1_153' title='bbox 625 2535 733 2572; x_wconf 83' lang='lat' dir='ltr'>recurvat</span> <span class='ocrx_word' id='word_1_154' title='bbox 743 2536 824 2585; x_wconf 74' lang='lat' dir='ltr'>equas.</span> 
     </span>
     <span class='ocr_line' id='line_1_26' title="bbox 264 2594 952 2665; baseline 0.006 -21"><span class='ocrx_word' id='word_1_155' title='bbox 264 2597 314 2645; x_wconf 86' lang='lat' dir='ltr'>Scit</span> <span class='ocrx_word' id='word_1_156' title='bbox 324 2597 383 2645; x_wconf 85' lang='lat' dir='ltr'>bene</span> <span class='ocrx_word' id='word_1_157' title='bbox 395 2594 453 2663; x_wconf 90' lang='lat' dir='ltr'>quid</span> <span class='ocrx_word' id='word_1_158' title='bbox 464 2601 578 2662; x_wconf 82' lang='lat' dir='ltr'>gramen,</span> <span class='ocrx_word' id='word_1_159' title='bbox 590 2597 649 2665; x_wconf 86' lang='lat' dir='ltr'>quid</span> <span class='ocrx_word' id='word_1_160' title='bbox 661 2614 725 2647; x_wconf 87' lang='lat' dir='ltr'>torto</span> <span class='ocrx_word' id='word_1_161' title='bbox 737 2601 833 2647; x_wconf 77' lang='lat' dir='ltr'>concita</span> <span class='ocrx_word' id='word_1_162' title='bbox 844 2597 952 2648; x_wconf 80' lang='lat' dir='ltr'>rhombo</span> 
     </span>
     <span class='ocr_line' id='line_1_27' title="bbox 296 2675 846 2744; baseline 0.004 -21"><span class='ocrx_word' id='word_1_163' title='bbox 296 2676 374 2730; x_wconf 83' lang='lat' dir='ltr'>Licia,</span> <span class='ocrx_word' id='word_1_164' title='bbox 388 2675 446 2742; x_wconf 90' lang='lat' dir='ltr'>quid</span> <span class='ocrx_word' id='word_1_165' title='bbox 457 2676 535 2725; x_wconf 77' lang='lat' dir='ltr'>valcat</span> <span class='ocrx_word' id='word_1_166' title='bbox 544 2679 608 2726; x_wconf 88' lang='lat' dir='ltr'>virus</span> <span class='ocrx_word' id='word_1_167' title='bbox 619 2681 720 2726; x_wconf 78' lang='lat' dir='ltr'>amantis</span> <span class='ocrx_word' id='word_1_168' title='bbox 732 2694 807 2743; x_wconf 81' lang='lat' dir='ltr'>equae.</span> <span class='ocrx_word' id='word_1_169' title='bbox 842 2737 846 2744; x_wconf 94' lang='lat'>.</span> 
     </span>
     <span class='ocr_line' id='line_1_28' title="bbox 186 2751 955 2819; baseline 0.001 -18"><span class='ocrx_word' id='word_1_170' title='bbox 186 2809 188 2812; x_wconf 22' lang='lat'>¹</span> <span class='ocrx_word' id='word_1_171' title='bbox 266 2751 330 2801; x_wconf 82' lang='lat' dir='ltr'>Crim</span> <span class='ocrx_word' id='word_1_172' title='bbox 341 2753 433 2814; x_wconf 73' lang='lat' dir='ltr'>voluit,</span> <span class='ocrx_word' id='word_1_173' title='bbox 452 2769 504 2804; x_wconf 85' lang='lat' dir='ltr'>roro</span> <span class='ocrx_word' id='word_1_174' title='bbox 516 2755 678 2819; x_wconf 72' lang='lat' dir='ltr'>glomerantur</span> <span class='ocrx_word' id='word_1_175' title='bbox 691 2755 773 2803; x_wconf 79' lang='lat' dir='ltr'>nubila</span> <span class='ocrx_word' id='word_1_176' title='bbox 785 2753 868 2804; x_wconf 78' lang='lat' dir='ltr'>coelo:</span> <span class='ocrx_word' id='word_1_177' title='bbox 914 2793 916 2796; x_wconf 93' lang='lat'>.</span> <span class='ocrx_word' id='word_1_178' title='bbox 951 2778 955 2789; x_wconf 90' lang='lat'>·</span> 
     </span>
     <span class='ocr_line' id='line_1_29' title="bbox 219 2829 800 2897; baseline -0.002 -18"><span class='ocrx_word' id='word_1_179' title='bbox 219 2833 249 2866; x_wconf 80' lang='lat'>¹0</span> <span class='ocrx_word' id='word_1_180' title='bbox 298 2829 362 2879; x_wconf 80' lang='lat' dir='ltr'>Crim</span> <span class='ocrx_word' id='word_1_181' title='bbox 372 2831 465 2891; x_wconf 73' lang='lat' dir='ltr'>uoluit,</span> <span class='ocrx_word' id='word_1_182' title='bbox 478 2850 537 2896; x_wconf 85' lang='lat' dir='ltr'>puro</span> <span class='ocrx_word' id='word_1_183' title='bbox 550 2833 626 2897; x_wconf 81' lang='lat' dir='ltr'>fulget</span> <span class='ocrx_word' id='word_1_184' title='bbox 636 2835 661 2880; x_wconf 89' lang='lat' dir='ltr'>in</span> <span class='ocrx_word' id='word_1_185' title='bbox 672 2835 729 2880; x_wconf 75' lang='lat' dir='ltr'>orbe</span> <span class='ocrx_word' id='word_1_186' title='bbox 741 2830 800 2879; x_wconf 88' lang='lat' dir='ltr'>dies.</span> 
     </span>
     <span class='ocr_line' id='line_1_30' title="bbox 265 2907 867 2972; baseline 0.008 -18"><span class='ocrx_word' id='word_1_187' title='bbox 265 2907 400 2971; x_wconf 80' lang='lat' dir='ltr'>Sanguine,</span> <span class='ocrx_word' id='word_1_188' title='bbox 413 2913 431 2956; x_wconf 91' lang='lat' dir='ltr'>si</span> <span class='ocrx_word' id='word_1_189' title='bbox 443 2926 489 2972; x_wconf 75' lang='lat' dir='ltr'>qur</span> <span class='ocrx_word' id='word_1_190' title='bbox 501 2909 573 2964; x_wconf 84' lang='lat' dir='ltr'>fides,</span> <span class='ocrx_word' id='word_1_191' title='bbox 590 2910 703 2958; x_wconf 76' lang='lat' dir='ltr'>stillantis</span> <span class='ocrx_word' id='word_1_192' title='bbox 717 2907 792 2956; x_wconf 69' lang='lat' dir='ltr'>niem</span> <span class='ocrx_word' id='word_1_193' title='bbox 801 2908 867 2959; x_wconf 74' lang='lat' dir='ltr'>vidie</span> 
     </span>
     <span class='ocr_line' id='line_1_31' title="bbox 301 2985 794 3050; baseline 0.01 -19"><span class='ocrx_word' id='word_1_194' title='bbox 301 2985 430 3049; x_wconf 81' lang='lat' dir='ltr'>Purpureus</span> <span class='ocrx_word' id='word_1_195' title='bbox 444 2986 514 3033; x_wconf 85' lang='lat' dir='ltr'>Lunae</span> <span class='ocrx_word' id='word_1_196' title='bbox 526 2988 638 3050; x_wconf 77' lang='lat' dir='ltr'>sanguine</span> <span class='ocrx_word' id='word_1_197' title='bbox 647 2985 725 3034; x_wconf 84' lang='lat' dir='ltr'>vultus</span> <span class='ocrx_word' id='word_1_198' title='bbox 737 3001 794 3036; x_wconf 76' lang='lat' dir='ltr'>erat.</span> 
     </span>
     <span class='ocr_line' id='line_1_32' title="bbox 267 3062 962 3135; baseline 0.006 -22"><span class='ocrx_word' id='word_1_199' title='bbox 267 3062 336 3113; x_wconf 77' lang='lat' dir='ltr'>Hunc</span> <span class='ocrx_word' id='word_1_200' title='bbox 353 3080 397 3129; x_wconf 83' lang='lat' dir='ltr'>ego</span> <span class='ocrx_word' id='word_1_201' title='bbox 413 3065 537 3112; x_wconf 62' lang='lat' dir='ltr'>noiiurnas</span> <span class='ocrx_word' id='word_1_202' title='bbox 549 3067 629 3114; x_wconf 80' lang='lat' dir='ltr'>vivam</span> <span class='ocrx_word' id='word_1_203' title='bbox 646 3064 745 3114; x_wconf 72' lang='lat' dir='ltr'>volitare</span> <span class='ocrx_word' id='word_1_204' title='bbox 763 3084 802 3130; x_wconf 84' lang='lat' dir='ltr'>per</span> <span class='ocrx_word' id='word_1_205' title='bbox 814 3066 909 3116; x_wconf 78' lang='lat' dir='ltr'>umbras</span> <span class='ocrx_word' id='word_1_206' title='bbox 959 3130 962 3135; x_wconf 22' lang='lat'><strong>¹</strong></span> 
     </span>
     <span class='ocr_line' id='line_1_33' title="bbox 300 3141 802 3210; baseline 0 -17"><span class='ocrx_word' id='word_1_207' title='bbox 300 3143 425 3207; x_wconf 82' lang='lat' dir='ltr'>Suspicor,</span> <span class='ocrx_word' id='word_1_208' title='bbox 443 3146 475 3207; x_wconf 23' lang='lat'>&amp;¹</span> <span class='ocrx_word' id='word_1_209' title='bbox 479 3141 563 3209; x_wconf 74' lang='lat' dir='ltr'>pionii</span> <span class='ocrx_word' id='word_1_210' title='bbox 573 3159 657 3210; x_wconf 76' lang='lat' dir='ltr'>corpus</span> <span class='ocrx_word' id='word_1_211' title='bbox 671 3144 733 3195; x_wconf 73' lang='lat' dir='ltr'>anile</span> <span class='ocrx_word' id='word_1_212' title='bbox 744 3148 802 3210; x_wconf 81' lang='lat' dir='ltr'>regi.</span> 
     </span>
    </p>
   </div>
   <div class='ocr_carea' id='block_1_5' title="bbox 0 0 1188 3992">
    <p class='ocr_par' dir='ltr' id='par_1_5' title="bbox 0 0 1188 3992">
     <span class='ocr_line' id='line_1_34' title="bbox 0 0 1188 3992; baseline 0 0"><span class='ocrx_word' id='word_1_213' title='bbox 0 0 1188 3992; x_wconf 95' lang='lat' dir='ltr'> </span> 
     </span>
    </p>
   </div>
  </div>
 </body>
</html>
