2367 3992
264 470 310 532 60
368 460 411 528 P.
440 458 623 526 Ovium
645 461 866 526 NAsoms

261 583 356 635 Viderit
367 583 409 632 ista
419 582 503 642 Deus,
518 585 559 647 qui
570 597 633 631 nunc
649 598 702 630 mea
715 585 809 647 pedum
819 581 916 631 versut:

293 661 382 711 Nescio
395 659 455 728 quid
463 658 525 709 cert&
536 677 603 709 mens
611 663 746 725 meamajus
754 663 814 726 agit.

282 765 966 839 «πέψει-επεν

420 897 687 959 EPISTOLA
717 896 817 960 XIII.

314 1031 568 1091 humum
609 1029 918 1092 Puorrsrtao.

259 1122 978 1258 Mirr-tr,&optatamanuqudmittitur2ire,salutem,

292 1267 403 1320 AEmonIs
417 1270 532 1323 AEmonio
543 1268 674 1320 Laodamia
683 1275 745 1321 vito.

259 1346 346 1397 Aulide
359 1364 381 1397 te
393 1348 458 1399 fama
468 1350 516 1410 est,
527 1364 600 1398 vento
611 1352 745 1409 retinente,
757 1354 856 1400 morari·

294 1426 330 1474 Ah
343 1427 350 1475 1
365 1444 404 1475 me
416 1425 471 1476 crim
483 1428 591 1492 fugeres,
602 1430 642 1476 hit
654 1429 694 1477 ubi
705 1442 787 1476 ventus
797 1431 864 1477 erat?

230 1515 242 1566 5
262 1505 327 1553 Tum
338 1503 539 1554 fretadebuerant
549 1505 630 1555 vessris
639 1505 750 1554 obsistere
761 1507 846 1554 remise

294 1582 359 1632 IIIud
374 1599 423 1633 erat
434 1585 498 1632 saevis
510 1584 568 1632 utile
581 1598 673 1649 tempus
684 1586 758 1650 aquis.

260 1659 348 1709 Oscula
357 1661 425 1726 plura
432 1664 501 1719 vito,
514 1659 672 1728 mandataque
683 1661 751 1726 plura
761 1659 894 1712 dcdiffemt

291 1737 387 1790 Ee'sunt
401 1755 455 1806 quae
463 1740 530 1791 volui
538 1738 616 1789 dicere
626 1738 694 1804 plura
705 1741 758 1789 tihi.

260 1817 350 1882 Raptus
362 1834 385 1865 es
396 1820 451 1867 hinc
462 1835 576 1883 praeceps:
587 1822 626 1877 &‚
639 1822 680 1885 qui
696 1833 735 1866 tua
745 1818 799 1867 vela
808 1832 929 1878 vocaret,

215 1904 245 1940 ιο
294 1894 372 1955 Quem
384 1913 497 1962 cuperent
506 1913 583 1946 nautae
591 1932 603 1957 ,Α
614 1913 664 1947 non
675 1914 735 1962 ego,
749 1912 834 1946 ventus
848 1911 910 1946 etat.

260 1974 352 2026 Ventus
363 1992 412 2024 erat
422 1979 499 2025 nautis
510 1990 591 2040 aptus,
606 1993 655 2024 nou
667 1989 734 2040 aptus
745 1977 844 2024 amanti·

292 2051 378 2103 Solvor
389 2054 419 2102 ab
430 2054 539 2119 amplexu
548 2090 558 2113 ,
568 2054 696 2103 Protesila'e'
706 2089 713 2114 ‚
727 2069 784 2112 tu03

258 2131 398 2198 Linguaque
412 2130 529 2182 mandatis
537 2132 609 2181 verba
619 2131 757 2197 imperfeda
766 2130 896 2198 relinquite

228 2218 231 2222 '
291 2211 339 2260 Vix
349 2209 411 2259 illud
420 2213 500 2275 potuit
510 2207 587 2259 dicere
599 2210 662 2259 triste
674 2211 743 2259 Vale.

213 2312 239 2358 ¹5
259 2289 371 2340 Incubuit
381 2289 484 2348 Boreas,
499 2289 642 2353 abreptaque
650 2288 705 2338 vela
717 2286 828 2338 tetendit:

293 2369 392 2433 Jamque
403 2383 469 2415 meus
480 2365 551 2433 longe
563 2365 704 2417 Protesilaus
717 2382 776 2416 erat.

258 2444 326 2496 Dum
342 2448 411 2510 potui
426 2447 526 2510 spedare
538 2446 634 2499 vitum,
651 2447 753 2510 [pestate
763 2443 879 2509 juvabat:

292 2525 396 2592 Sumque
408 2539 460 2573 tuos
470 2523 554 2572 oculos
565 2525 638 2590 usque
649 2526 727 2573 secuta
738 2527 806 2573 meis.

260 2601 295 2651 Ut
306 2617 328 2651 te
336 2619 386 2654 non
395 2618 518 2669 poteram,
531 2616 641 2666 poteram
649 2617 690 2650 tua
700 2602 753 2651 vela
763 2600 857 2653 videre:

212 2687 240 2718 ²0
291 2680 352 2730 Vela
362 2678 405 2731 diu
418 2680 498 2732 vultus
511 2678 633 2730 detinuere
644 2696 720 2729 meos.

258 2757 291 2808 At
300 2760 425 2826 postquam
436 2778 479 2811 nec
491 2776 514 2810 te
522 2796 530 2821 ‚
538 2777 581 2809 nec
589 2759 642 2808 vela
653 2759 746 2825 fugacia
758 2758 809 2808 vidi
819 2777 827 2820 3

290 2836 322 2884 Et
332 2836 398 2902 quod
409 2840 551 2901 spectarem,
567 2837 601 2886 nil
616 2841 660 2886 nisi
671 2853 758 2903 pontus
766 2852 831 2895 erat3

259 2913 310 2963 Lux
320 2926 416 2982 quoque
431 2930 510 2973 tecum
521 2917 580 2962 abiit
591 2934 599 2962 r
611 2917 712 2964 tenebrIs
725 2915 848 2979 exsanguis
859 2915 955 2966 obortis

290 2990 408 3041 Succiduo
421 2990 489 3041 dicor
498 2989 648 3057 procubuiffe
658 3009 728 3058 genu.

213 3088 240 3136 25
260 3072 306 3123 vu
318 3073 383 3119 soter
394 3069 497 3137 IphIclus
508 3072 563 3128 ,vix
573 3087 613 3119 me
623 3067 761 3138 grandevus
773 3071 886 3134 Acastus,

291 3151 338 3203 Vix
350 3165 426 3201 mater
436 3146 517 3216 gelidi
531 3149 610 3202 mesta
621 3149 705 3202 refecit
722 3149 793 3218 aqui.
