2367 3992
309 498 581 564 Hunorum.
607 486 682 556 Er.
706 484 783 556 IV.
862 509 901 571 ¹7

218 617 268 668 Ora
286 618 354 667 ferox
369 620 395 666 in
413 616 510 665 severia
521 614 623 662 lacertus
633 613 714 661 habet.

186 697 239 746 Sive
251 713 318 746 tenes
328 697 380 745 lato
389 693 506 743 venabula
516 708 602 741 cornea
613 690 675 740 ferro
684 708 694 748 3

218 774 349 838 Denique,
363 771 441 821 nostra
449 775 517 836 Juvat
527 769 636 828 lumina,
647 765 764 834 quidquid
775 780 839 833 agas.

188 853 227 902 Tu
237 850 316 901 modi>
327 849 440 900 duritiem
451 850 515 899 silvis
526 846 618 912 depone
629 850 732 911 jugosist
821 905 824 912 Ι
921 841 934 888 8
939 859 948 903 5

179 955 182 958 >
218 931 277 980 Non
289 932 342 978 sum
352 927 452 978 materii
463 925 535 992 digna
546 929 621 991 perire
632 923 682 974 tui.

187 1007 252 1070 Quid
264 1014 333 1074 juvat
343 1009 450 1056 incinstae
461 1003 537 1055 studia
548 1021 654 1053 exercere
663 1002 762 1064 DIanae,

216 1088 248 1136 Et
256 1087 346 1135 Veneti
356 1101 468 1134 numeros
479 1080 587 1147 eripuiss'e
598 1084 651 1130 suos
662 1084 671 1129 i

187 1163 260 1226 Quod
272 1179 338 1214 earet
348 1161 439 1212 alterni
448 1165 545 1227 requie,
557 1158 663 1208 durabile
675 1157 778 1206 nonest.

217 1243 277 1292 Haec
289 1256 385 1306 reparat
392 1243 453 1289 viret
464 1275 471 1298 ‚
489 1235 592 1302 fessaque
604 1237 711 1285 membra
721 1249 803 1284 novat.
918 1263 951 1308 90

186 1320 277 1379 Arcus,
292 1318 302 1385 (
315 1323 417 1368 &arma
429 1331 473 1366 tuae
483 1318 526 1364 tibi
538 1317 592 1378 sunt
606 1311 722 1362 imitanda
736 1312 820 1360 Dianae
829 1317 857 1372 ,)

217 1399 241 1446 si
256 1413 391 1462 numquam
403 1393 474 1445 ceffer
486 1391 596 1453 tendere,
614 1392 695 1442 mollis
707 1394 761 1440 erit.

182 1473 271 1525 ¹Clarus
285 1489 336 1524 erat
344 1474 409 1524 silvis
421 1473 556 1539 Cephalus,
569 1473 699 1538 multaeque
709 1488 750 1535 per
761 1471 859 1519 herbam

170 1592 171 1596 ,
214 1551 395 1613 Conciderant,
413 1551 458 1601 ilio
474 1555 637 1621 percutiente,
658 1550 727 1600 fetae:

185 1630 234 1681 Nec
246 1649 329 1681 tamen
339 1634 436 1680 Aurora
447 1630 509 1679 maie
521 1632 543 1679 se
555 1632 674 1695 prebebat
684 1627 822 1678 amandum.
917 1656 947 1701 95

215 1710 269 1758 Ibat
281 1708 312 1759 ad
324 1711 387 1757 hunc
397 1711 486 1773 sapiens
497 1726 510 1756 a
523 1712 576 1757 sene
587 1709 650 1758 Diva
659 1712 720 1758 viro.

186 1787 248 1851 Saepe
258 1821 267 1845 ,
281 1788 325 1835 sub
335 1786 429 1836 ilicibus
441 1787 558 1834 Venerem
570 1785 709 1851 Cinyraque
721 1802 842 1845 creatum,

214 1865 331 1912 Sustinuit
341 1867 430 1928 potitos
443 1864 553 1927 quaelibet
564 1865 636 1912 herba
647 1862 715 1912 duos.

184 1944 244 1992 Arsit
257 1947 282 1990 δι
295 1941 392 1991 OEnides
406 1946 430 1990 in
442 1942 555 1990 Maenalia
564 1940 684 1990 Atalanta.

214 2021 262 2069 llla
274 2019 328 2068 ferae
340 2019 461 2084 spolium,
475 2022 559 2083 pignus
571 2022 676 2077 amoris,
691 2019 770 2068 habet.

184 2097 234 2146 Nos
245 2115 343 2164 quoque
353 2101 401 2162 iam
413 2096 518 2163 primum
530 2098 599 2149 turba
609 2115 760 2149 numeremur
770 2102 795 2148 in
805 2099 856 2150 ista.

213 2177 237 2223 Si
254 2177 372 2226 Venerem
386 2177 450 2226 tollis
461 2214 469 2239 ‚
481 2179 563 2228 rustica
574 2179 632 2228 silva
643 2195 682 2230 ma
693 2181 733 2229 est.

183 2251 232 2317 Ipsa
244 2271 326 2303 comes
334 2259 428 2304 venitm
440 2276 446 2304 ε
459 2273 502 2305 nec
514 2275 552 2306 me
564 2259 679 2308 salebrosa
694 2261 826 2310 movebunt

213 2334 289 2392 Saxa,
305 2349 349 2381 nec
360 2335 462 2400 obliquo
475 2333 545 2385 dente
557 2335 676 2387 timendus
687 2356 750 2404 aper.

182 2407 288 2474 AEquora
300 2411 356 2458 bina
366 2416 412 2460 suis
424 2430 563 2478 oppugnant
575 2413 683 2464 flufflbus
694 2418 815 2479 isthmon,

213 2486 244 2535 Et
261 2490 337 2535 tenuis
349 2489 418 2538 telius
429 2489 496 2540 audit
509 2507 637 2557 utrumque
652 2511 725 2544 mare.

182 2561 227 2612 Hic
239 2579 320 2612 tecum
333 2567 450 2616 Ttotzena
468 2568 564 2628 colam,
577 2572 681 2620 Pittheia
694 2589 779 2636 regnat

212 2641 265 2689 Jam
277 2660 340 2691 nunc
351 2645 383 2692 est
392 2645 469 2709 patrii
480 2651 570 2711 gratior
581 2650 623 2698 illa
634 2651 696 2698 mei.

182 2717 303 2783 Tempore
313 2722 392 2781 abest,
405 2725 526 2789 aberitque
539 2725 579 2774 diu
591 2728 725 2791 Neptunius
735 2732 804 2780 heros
813 2752 821 2782 t

212 2784 287 2832 illurn
300 2786 402 2837 Pirithoi
411 2786 502 2841 detinet
513 2807 554 2838 ora
566 2793 610 2840 sui.

180 2860 312 2926 Praeposuit
323 2865 444 2922 Theseus(
455 2870 499 2915 uisi
512 2871 530 2916 si
542 2869 666 2918 manifesta
676 2875 807 2944 negamur)

211 2939 349 2990 Pirithoiim
369 2942 489 3003 Phaedre,
507 2947 688 3013 Pirithoumque
707 2953 758 3003 tibi.

180 3016 235 3065 Sola
253 3034 297 3066 nec
309 3021 359 3069 haec
368 3022 437 3070 nobis
449 3027 533 3087 injuria
543 3030 609 3074 venit
618 3029 647 3074 ab
657 3029 717 3080 illo:

210 3096 239 3143 in
255 3101 347 3160 magnis
359 3098 407 3146 iaesi
418 3101 484 3150 rebus
497 3118 594 3170 uterque
609 3107 697 3157 sumus.

179 3168 237 3227 offa
247 3177 296 3230 mei
307 3175 385 3227 fratris
397 3177 463 3230 clavi
471 3180 586 3246 perirasta
598 3181 687 3237 trinodi
