2367 3992
216 514 218 517 ·
280 505 337 556 Du
362 486 477 559 Auru
496 485 687 556 AuAuur
703 489 739 556 l.
758 491 807 557 11.
859 514 922 581 ²³3

213 608 236 660 0,
246 609 253 659 i
271 615 365 676 quoties
374 611 443 660 illum
457 609 536 659 doluit
547 624 673 674 properare
684 609 807 676 Calypso!
932 641 974 684 ¹²5

244 690 402 755 Remigioque
413 700 477 753 aptus
486 685 531 736 effe
542 692 639 752 negavit
649 687 734 754 aquas!

211 764 268 813 Haec
287 767 366 830 Trojae
378 769 442 815 casus
455 770 588 831 iterumque
601 769 735 832 iterumque
743 767 859 831 rogabat:

241 841 286 890 lile
297 845 382 892 referte
393 845 461 892 aliter
473 845 532 908 saepc
541 843 633 892 solebat
643 841 716 892 idem.

210 918 290 970 Litore
303 923 471 971 constiterant:
482 921 533 970 illic
541 937 638 988 quoque
645 921 745 986 pulchra
756 921 864 988 Calypso

241 998 321 1063 Exigit
332 998 427 1062 Odrysii
440 1000 488 1050 fata
500 1016 597 1049 cruenta
609 998 684 1049 ducis.
934 1012 979 1058 130

209 1073 252 1123 ilie
264 1075 310 1125 levi
325 1078 392 1141 virgi
402 1112 409 1136 ‚
421 1082 514 1141 virgam
524 1094 580 1127 nam
592 1076 655 1126 forti
666 1079 779 1138 tenebat,

241 1151 315 1213 Quod
327 1169 411 1219 rogat,
425 1158 451 1203 iu
463 1152 533 1218 spiss‘o
542 1154 612 1203 litore
624 1158 699 1219 pingit
711 1171 780 1219 opus.

209 1229 263 1280 Haec
274 1267 282 1290 ‚
295 1235 389 1296 inquit,
401 1233 476 1297 Troia
492 1233 524 1280 eii
532 1232 558 1298 t(
570 1249 650 1281 muros
660 1237 685 1280 in
699 1233 769 1281 litore
780 1231 868 1292 secitz)

239 1310 287 1358 Hic
301 1311 345 1357 tibi
361 1313 391 1357 sit
402 1312 501 1357 Simois:
511 1312 561 1357 haec
571 1326 626 1358 mea
636 1310 708 1357 castra
720 1325 786 1374 puta.

207 1385 315 1451 Campus
326 1402 386 1446 erat,
399 1386 569 1452 (campumque
580 1386 664 1454 sucin)
674 1403 746 1452 quem
754 1384 975 1454 caedeDolouis135'

239 1467 371 1529 Sparsimus
382 1500 389 1523 ‚
403 1465 542 1514 Haemouios
551 1463 610 1514 dum
623 1464 682 1528 vigil
693 1478 762 1530 optat
772 1479 856 1530 equos.

207 1541 259 1590 Illic
271 1545 376 1591 Sithonii
386 1542 479 1591 fueraut
490 1547 592 1593 tentoria
603 1543 690 1592 Rhesi:

236 1621 288 1669 Hac
298 1637 342 1684 ego
355 1622 406 1668 sum
418 1624 488 1685 raptis
500 1637 565 1686 purte
573 1626 677 1670 revestus
687 1623 762 1688 equis.

205 1697 323 1762 Pluraque
340 1701 470 1763 pingebat:
485 1699 573 1748 subitus
581 1699 638 1748 ctim
650 1702 763 1763 Pergama
775 1698 859 1750 flustus

237 1775 357 1834 Abstulit,
373 1779 396 1823 ὁ(
411 1777 480 1823 Rhesi
492 1793 547 1824 cum
559 1776 620 1824 duce
630 1777 702 1825 castra
713 1780 766 1826 suo.

205 1852 269 1902 Turn
281 1854 348 1912 Ues,
365 1853 444 1913 Quas,
457 1856 549 1918 inquit,
566 1851 625 1903 fidas
636 1856 680 1902 tibi
691 1852 766 1903 credis
778 1856 859 1910 ituro,

236 1929 388 1980 Perdiderint
396 1920 466 1980 uudae
477 1935 577 1980 nomina
590 1947 696 1998 quanta,
710 1931 777 1982 vides
789 1937 798 1982 i

201 2005 267 2073 Ergo
280 2026 337 2074 age,
357 2010 437 2057 fallaci
449 2008 534 2058 timidi
546 2009 640 2059 confide
650 2009 748 2074 figurae,

235 2087 348 2154 Quisquis
359 2105 396 2136 cs:
408 2103 448 2137 aut
456 2087 548 2153 aliquid
558 2105 658 2152 corpore
669 2087 742 2154 pluris
755 2091 824 2140 habe.

200 2161 305 2214 Dextera
317 2165 432 2230 p'raecipui
449 2169 512 2230 cupit
521 2165 672 2231 induigentia
683 2183 789 2216 mentes:

235 2243 353 2307 Asperitas
370 2243 473 2302 odium,
491 2246 597 2310 saevsque
610 2248 682 2294 verba
696 2259 803 2295 movent.
882 2261 888 2273 ·

200 2319 305 2371 Odimus
317 2326 471 2386 accipitrem,
483 2328 537 2389 quia
550 2325 640 2388 semper
648 2327 709 2373 vivit
719 2326 745 2372 iu
755 2324 826 2373 armis
835 2341 844 2382 3

232 2398 265 2448 Et
277 2397 391 2464 pavidum
407 2401 504 2450 solitum
516 2405 541 2449 in
552 2419 623 2466 pecus
633 2406 667 2450 ire
679 2403 757 2466 lupos.

199 2476 233 2526 At
250 2491 314 2524 caret
320 2475 415 2546 insidiis
427 2481 568 2536 hominum,
583 2482 639 2545 quia
650 2483 733 2537 mitis,
747 2478 867 2529 hirundo:

233 2553 345 2618 Quasque
360 2554 425 2603 colat
438 2570 512 2601 turres
523 2555 629 2602 Chaonis
641 2556 688 2602 ales
698 2557 778 2606 habet.

198 2630 252 2680 Este
261 2631 345 2696 procul
357 2632 427 2690 lites,
445 2635 469 2680 &
482 2646 567 2679 amarat
578 2631 663 2696 proelia
674 2632 776 2696 lingua:

231 2709 348 2758 Dulcibus
368 2709 401 2757 est
409 2710 487 2758 verbis
499 2709 581 2757 mollis
591 2707 690 2758 alendus
700 2726 777 2758 amor.

197 2788 252 2838 lite
269 2788 352 2852 fugent
363 2803 489 2852 ttupraeque
500 2790 578 2846 viros,
596 2802 727 2852 nuptasque
737 2790 835 2841 mariti:

231 2867 305 2931 Inque
317 2870 394 2914 vicem
406 2863 504 2915 creduut
515 2882 550 2914 res
558 2865 603 2913 sibi
615 2868 706 2930 semper
720 2868 768 2932 agi.

196 2944 252 2996 Hoc
263 2943 333 2994 decet
346 2959 428 2992 uxores
439 2963 445 2991 ε
458 2942 502 2992 dos
512 2945 545 2993 esi
556 2946 639 2993 uxoria
652 2944 713 2993 lites.

229 3020 319 3071 Audiat
329 3035 424 3085 optatos
436 3023 525 3086 semper
536 3025 612 3071 amica
628 3024 707 3071 sonos.

194 3099 256 3157 Nou
266 3099 325 3163 legis
337 3096 397 3164 jussu
412 3098 498 3148 lectum
512 3101 605 3150 venistis
615 3104 640 3148 iu
651 3117 739 3151 unum:

228 3179 381 3245 Fungitur-iu
390 3178 458 3230 vobis
468 3193 566 3229 munere
577 3179 636 3247 legis
647 3195 724 3229 atuor.
