2367 3992
334 465 601 531 Hunorum.
626 462 701 530 Er.
726 467 835 535 XVI.
901 496 945 557 79

229 586 259 637 At
272 585 334 634 mihi
346 587 484 634 cundramm
495 585 596 635 subeunt
607 584 719 645 fastidia,
737 588 862 654 postquam

259 663 379 729 Coniugii
392 665 441 729 spes
459 664 507 723 est,
523 661 647 725 Tyndari,
659 663 720 712 facia
732 669 777 714 tui.

227 741 261 792 Te
271 742 375 808 vigilans
385 743 461 790 oculis
473 777 481 801 ,
494 743 575 791 animo
587 745 687 792 tenoris
697 741 810 793 videbam
819 779 829 806 ,

257 822 362 871 Lumina
374 822 428 870 crim
441 819 537 886 placido
551 823 611 870 vina
622 823 706 887 sopore
716 826 804 886 jacent.
951 840 995 874 roo

225 898 290 962 Quid
306 901 379 949 facies
390 902 505 966 praesens,
520 917 572 966 quae
582 899 692 951 nondum
701 903 751 950 visa
762 901 888 966 placebas?
923 956 926 962 ,
942 957 944 960 ,

195 983 197 989 ’
214 1028 218 1034 ,
254 977 397 1039 Ardebam‚
413 982 521 1044 quamvis
532 981 587 1028 hinc
601 977 684 1044 procul
698 982 759 1044 ignis
770 995 829 1029 erat.

224 1055 275 1105 Nec
288 1062 359 1121 potui
372 1055 456 1105 debere
472 1059 532 1105 mihi
543 1058 610 1122 spem
622 1056 718 1121 longius
728 1057 811 1120 istam,

254 1132 367 1182 cerulea
378 1149 483 1198 peterem
493 1139 551 1199 quin
562 1152 615 1184 mea
624 1150 682 1184 vota
691 1135 740 1191 vid.

223 1210 298 1259 Troia
306 1209 431 1260 caeduntur
445 1211 548 1276 Phrygii
558 1215 638 1277 pineta
649 1214 723 1261 securi
735 1247 744 1273 ,

253 1289 362 1355 Quaeque
373 1305 424 1339 erat
435 1293 550 1356 aequoreis
563 1292 629 1339 utilis
640 1291 710 1340 arbor
720 1294 798 1356 aquis:

221 1365 301 1418 Ardua
310 1371 416 1432 proceris
427 1369 558 1432 spoliantur
569 1370 675 1433 Gargara
685 1368 765 1428 silvis,

252 1446 438 1512 Innumerasque
450 1449 510 1496 mihi
520 1448 593 1512 longa
603 1446 645 1497 dat
655 1445 696 1496 lda
707 1448 794 1496 trabes.

219 1523 357 1575 fundatura
367 1529 425 1574 citas
433 1525 557 1576 fleliuntur
567 1527 654 1576 robora
665 1542 750 1577 naves:

251 1605 353 1653 Texitur
364 1608 389 1653 &
400 1605 468 1654 collis
479 1603 557 1671 panda
567 1608 647 1654 carina
656 1607 712 1655 suis.

218 1680 337 1733 Addimus
353 1699 481 1743 antennas,
498 1688 523 1732 δι
533 1684 586 1733 vela
597 1686 718 1749 sequentia
729 1683 823 1735 malost

249 1761 345 1826 Accipit
356 1765 381 1810 &
390 1765 463 1826 pillos
471 1765 555 1827 puppis
565 1760 658 1810 adunca
666 1763 741 1812 Deos.

217 1828 272 1898 Qui
282 1855 364 1888 tamen
378 1843 426 1904 ipse
437 1842 525 1899 vehor,
537 1844 653 1890 comitata
663 1840 785 1904 Cupidine
796 1859 888 1907 parvo,

248 1917 354 1980 Sponsor
364 1920 470 1982 conjugii
480 1918 524 1966 stat
535 1917 587 1966 Der
599 1921 660 1982 piola
669 1920 713 1967 sui.

215 1994 333 2059 Imposita
344 1997 376 2044 est
387 1996 453 2044 faeta
464 1996 589 2061 postquam
601 2013 685 2045 manus
697 1997 784 2046 ultima
795 1996 878 2056 classi,
890 1995 893 2002 '
968 2016 971 2021 ’

248 2075 360 2122 Protinus
375 2074 461 2139 AEgaeis
475 2077 508 2122 ire
519 2076 618 2139 jubebat
633 2078 709 2140 aquis.

212 2149 246 2200 Et
254 2165 322 2216 parer
335 2155 360 2200 &
371 2155 473 2216 genitrix
484 2154 593 2202 inhibent
603 2170 656 2201 mea
664 2169 721 2211 vota
732 2151 840 2219 rogando
850 2172 859 2212 5

247 2230 448 2295 Propositumque
459 2230 498 2296 pii
508 2248 568 2281 voce
578 2248 702 2282 morantur
713 2236 771 2282 iter.¹

211 2308 244 2358 Et
257 2309 325 2358 soror
336 2307 432 2369 effusis,
444 2325 470 2358 ut
485 2325 550 2371 erat,
564 2309 695 2361 Cassandra
705 2312 810 2378 capillis,

244 2385 267 2436 C
271 2385 312 2434 clm
323 2387 412 2436 vellent
423 2388 506 2438 nostrae
516 2393 565 2454 iam
576 2388 633 2438 dare
643 2391 696 2440 vela
706 2407 781 2452 ratrs3

210 2463 269 2524 Qud
287 2462 349 2514 rui's?
361 2466 495 2524 exclamat5
507 2467 592 2516 referes
603 2469 714 2519 incendia
724 2485 813 2520 tecum.

244 2543 342 2603 Quanta
352 2561 393 2610 per
403 2546 444 2593 has
456 2579 464 2604 ,
477 2548 567 2607 nescis,
579 2545 678 2596 flamma
687 2563 781 2611 petatur
791 2565 871 2615 aquas.

209 2621 273 2671 Vera
284 2621 331 2670 fuit
341 2637 420 2672 vates:
433 2621 507 2672 distos
518 2628 651 2674 invenimus
663 2629 728 2690 ignes
740 2644 749 2685 3

241 2701 274 2749 Et
285 2701 347 2750 ferus
357 2701 382 2751 in
395 2703 466 2752 molli
474 2706 566 2767 peciore
577 2703 662 2769 flagrat
673 2721 750 2753 amor.

207 2779 328 2828 Portubus
345 2781 605 2847 egrediorpventisque
623 2782 753 2833 ferentibus
763 2767 818 2834 usus

241 2857 360 2922 Applicor
370 2863 395 2909 in
411 2875 501 2920 terras,
518 2861 596 2909 OEbali
606 2861 737 2926 Nympha,
749 2877 809 2912 tuas.

205 2935 303 3000 Excipit
316 2939 421 3001 hospitio
432 2943 468 2988 vir
476 2957 514 2987 mc
527 2953 596 2988 tuus:
608 2941 655 2989 hoc
667 2957 763 3006 quoque
773 2941 863 2991 fai'tum

239 3013 298 3063 Non
310 3019 360 3064 sine
372 3017 473 3066 consilio
485 3019 669 3086 numinibusque
679 3020 768 3071 Derim.

205 3090 252 3140 ille
263 3091 362 3156 quidem
373 3093 492 3155 ostendit,
506 3095 622 3163 quicquid
636 3097 807 3150 lacedemone
818 3099 870 3149 toti

240 3169 340 3224 Ostendi
355 3171 456 3239 dignum
466 3177 668 3248 conspicuumque
680 3177 735 3226 fuit.
803 3230 806 3237 ,

762 3254 819 3306 Dis
