2367 3992
280 487 353 547 '220
411 475 619 544 Ournrr
649 479 885 549 NAsours
951 497 958 512 “

280 597 327 650 sed
338 598 427 648 lateant
441 601 520 658 vires,
531 615 574 647 nec
585 601 650 647 sisio
662 599 741 648 fronte
752 597 866 649 disertuss

312 675 436 742 Effugiant
445 693 502 725 certe
514 678 587 727 verba
601 675 700 725 molesta
711 691 767 726 tua.

230 755 355 824 465Quis,
365 757 410 805 nisi
418 757 504 803 mentis
512 757 600 820 inope,
612 769 697 804 tenerae
705 751 827 809 declamet
836 756 916 806 amica
926 757 934 807 i

310 835 375 898 Saepe
386 832 466 884 valens
476 831 527 882 odii
537 832 607 881 litera
615 834 685 882 causa
698 832 754 882 fuir.

255 954 256 958 ,
276 912 313 960 Sit
327 911 371 959 tibi
381 909 502 958 credibilis
516 910 595 958 sermo
605 943 613 969 ‚
625 912 787 976 consuetaque
797 911 871 966 verba
878 928 888 972 5

306 985 398 1039 Blanda
410 1002 506 1047 tamen,
517 988 617 1052 presens
628 1002 656 1037 ut
667 987 762 1038 videare
773 989 851 1055 loqui.

274 1067 299 1116 Si
309 1082 359 1115 non
369 1068 470 1130 accipiet
482 1067 597 1129 scriptum
607 1099 615 1125 ‚
627 1065 783 1131 illestrunque
796 1070 917 1128 remittet5

145 1165 155 1182 ο
224 1161 273 1207 470
306 1143 430 1192 Lesturam
444 1144 527 1207 spera,
539 1144 737 1208 propositumque
748 1157 813 1193 tene.

273 1223 393 1286 Tempore
408 1218 518 1270 difficiles
531 1223 632 1269 veniunt
641 1217 672 1269 ad
682 1235 759 1272 aratra
768 1224 880 1285 juvencis

304 1301 425 1364 Tempore
436 1298 501 1348 lenta
510 1300 560 1364 pati
572 1296 640 1346 frena
649 1295 767 1350 dotentur
776 1301 842 1363 equi.

271 1381 368 1429 Ferreus
385 1375 480 1427 assiduo
490 1377 639 1435 eonsumimr
653 1374 754 1430 annulus
771 1375 836 1432 usna

251 1503 253 1507 .
302 1458 386 1506 Interit
398 1452 492 1505 assidua
502 1469 585 1503 vomer
596 1451 701 1503 aduncus
715 1454 801 1509 humo.

219 1533 336 1596 475Quid
346 1536 421 1599 magis
431 1533 465 1581 est
476 1534 531 1581 saxo
545 1529 633 1581 durum
641 1534 651 1579 i
660 1528 720 1596 qnid
735 1530 836 1582 mollius
853 1528 925 1581 undii

300 1611 367 1660 Dura
378 1624 459 1658 tamen
469 1608 538 1657 molli
549 1610 603 1657 saxa
613 1621 728 1659 cavantur
738 1607 810 1673 aqui.

266 1687 402 1752 Penelopen
412 1687 503 1751 ipsam,
514 1685 588 1751 persta
599 1682 692 1744 modus
704 1699 813 1750 tempore
828 1689 915 1746 vincet.

299 1764 378 1832 Capta
388 1762 453 1815 vides
464 1764 516 1814 seru
528 1765 659 1828 Pergamat
673 1777 742 1829 capta
753 1779 854 1821 tamene

266 1845 378 1910 legerit,
390 1846 415 1892 &
426 1842 489 1892 nolit
498 1841 642 1899 rescriberes
652 1857 737 1907 cogere
748 1841 810 1896 noli.

218 1919 266 1980 480
299 1925 338 1972 Tu
348 1920 424 1971 modo
435 1918 562 1987 blanditias
570 1918 608 1969 fac
619 1917 682 1983 legat
693 1935 766 1985 usque
777 1935 838 1974 uias.

266 2002 325 2064 Quae
334 2001 413 2051 voluit
422 1997 517 2063 legisse,
526 1998 594 2048 volet
603 1999 728 2054 rescribere
738 1997 823 2047 leone

297 2080 341 2129 Per
358 2094 469 2133 numeros
480 2079 576 2130 venient
585 2075 628 2127 ista
639 2072 772 2142 gradusque
786 2078 852 2137 suos.

264 2158 372 2206 forsitan
388 2160 413 2206 δι
425 2153 504 2220 primo
514 2156 593 2206 veniet
604 2154 648 2202 tibi
658 2153 729 2209 litera
740 2157 827 2216 tristis3

297 2235 404 2298 Quaeque
421 2247 506 2297 roget,
518 2249 552 2281 ⁴ne
565 2234 588 2280 se
606 2231 725 2287 felicitate
737 2234 807 2292 velis.

214 2305 336 2374 4⁸5Quod
343 2309 469 2375 negarine,
478 2312 559 2358 timet:
569 2307 893 2378 quodnoorogat‚optat,ut
900 2313 962 2365 instes.

295 2390 436 2454 Insequere;
450 2390 475 2436 &
491 2389 542 2435 voti
553 2386 681 2451 postmodo
692 2404 792 2454 compos
803 2395 858 2442 erit.

261 2469 371 2529 Interea,
383 2469 431 2517 sive
438 2465 480 2514 illa
490 2480 545 2514 toro
555 2467 664 2529 resupina
674 2466 781 2528 feretur,
947 2488 951 2497 ¹
968 2500 973 2530 p

293 2548 412 2597 Lecticam
429 2543 533 2592 dominae
545 2541 721 2593 dissimulanter
731 2543 770 2596 adi
782 2565 791 2606 ς

260 2627 327 2678 Neve
339 2625 425 2691 aliquis
437 2623 514 2672 verbis
524 2619 619 2670 odiosas
633 2620 717 2672 afferat
728 2640 813 2689 aures,

212 2725 260 2771 490
294 2704 372 2765 Quim
390 2716 473 2768 potes,
495 2701 611 2764 ambiguis
626 2699 727 2759 callidus¹
740 2700 802 2753 abde
817 2710 891 2767 notis,

259 2786 304 2832 Seu
322 2780 420 2848 pedibus
434 2782 513 2830 vacuis
524 2777 562 2830 ilii
579 2778 679 2842 spatiosa
692 2794 781 2834 teretur

291 2862 398 2908 Porticus
411 2893 419 2917 ,
437 2857 477 2905 hic
490 2859 563 2905 sociat
574 2872 599 2905 tu
608 2873 703 2926 quoque
713 2862 786 2924 §unge
796 2878 886 2921 moras.

259 2939 290 2988 Et
302 2935 377 2985 modo
388 2932 520 2999 praecedas,
537 2934 627 2993 facito,
642 2934 718 2988 modo
730 2952 795 3003 terga
806 2941 909 3007 sequaris
916 2959 925 3002 ς

151 3073 153 3076 ¹
291 3015 322 3064 Et
335 3010 410 3062 modo
422 3011 513 3059 festines
523 3028 530 3067 3
542 3013 566 3058 δι
581 3011 657 3062 modo
668 3014 745 3065 lentus
756 3033 804 3066 eas.

209 3095 310 3159 495Nec
322 3093 365 3141 tibi
380 3087 409 3138 de
422 3087 506 3136 mediis
517 3087 610 3154 aliquot
622 3095 719 3140 transire
733 3093 860 3147 columnae

290 3174 326 3222 Sit
340 3165 432 3245 pudor,
444 3180 485 3216 aut
498 3165 566 3219 lateri
575 3165 722 3224 continuaise
732 3169 803 3233 latus.
