2367 3992
262 478 327 541 218
385 474 576 540 Ovrnrr
605 475 851 540 NAsoNrr

212 595 322 656 395Tum
338 610 414 660 neque
428 608 451 644 te
466 591 551 658 prodet
561 596 686 643 communi
696 595 802 644 obnoxie
813 594 904 660 culpat

292 675 406 738 Factaque
425 687 494 721 erunt
509 669 614 720 dominre
625 670 734 738 dietaque
751 687 810 722 uota
825 676 879 723 tibi.

258 747 304 799 Sed
320 751 379 798 bene
394 748 497 798 celetur:
509 750 568 798 bene
583 752 604 797 ri
619 750 733 798 celabitur
748 749 834 812 index,

291 827 391 876 Notitiae
402 828 490 877 suberit
503 829 596 892 semper
608 831 685 877 amica
698 842 754 878 tuoe.

258 906 380 970 Tempora
393 907 435 969 qui
447 904 503 954 solis
514 907 614 969 operosa
625 905 761 955 colentibus
776 922 846 968 arva,

207 1001 257 1045 4co
291 982 402 1042 Fallitur,
418 986 443 1031 ὃ(
454 985 532 1031 nautis
544 981 694 1047 aspicienda,
711 999 788 1048 putet.

258 1061 309 1111 Nec
322 1062 413 1125 semper
424 1058 542 1110 credenda
553 1059 626 1111 Ceres
635 1062 760 1112 fallacibus
772 1067 847 1113 arvis:

289 1139 341 1188 Nec
356 1140 447 1203 semper
463 1136 536 1188 viridi
552 1155 657 1188 concava
671 1143 756 1206 puppis
769 1157 846 1207 aqua.

257 1216 308 1266 Nec
323 1230 413 1265 teneras
431 1218 522 1282 semper
537 1232 616 1266 tutum
631 1233 726 1283 captare
741 1220 847 1284 puellast

290 1298 355 1360 Saepe
367 1293 424 1345 dato
435 1296 520 1344 melius
531 1311 640 1360 tempore
651 1295 694 1345 fiet
703 1294 779 1346 idem.

208 1377 310 1438 405Sive
322 1372 372 1424 dies
383 1372 459 1424 aderit
470 1375 570 1432 natalis5
584 1378 632 1423 sive
645 1373 774 1435 Kolenda,

291 1452 356 1512 Quas
368 1452 485 1501 Venerem
497 1453 570 1502 Marti
586 1450 734 1501 continuasse
748 1457 831 1518 juvate

258 1532 311 1580 Sive
324 1533 370 1580 erit
381 1545 495 1591 ornatus,
512 1547 562 1579 non
571 1545 598 1578 ut
608 1529 654 1580 suit
662 1547 734 1591 ante,
747 1531 847 1596 sigillis3

290 1606 336 1658 Sed
345 1624 427 1672 regum
437 1611 525 1673 positas
535 1608 622 1660 Circus
631 1610 729 1659 habebit
739 1626 796 1674 oper
806 1628 814 1668 3

258 1684 338 1737 Differ
347 1701 408 1752 opus
416 1703 423 1734 r
432 1700 489 1737 tuuc
501 1687 570 1736 tristis
581 1688 672 1745 hiems,
684 1702 741 1736 tunc
752 1685 846 1737 Pliades
857 1686 949 1736 instante

210 1777 259 1820 410
293 1767 363 1815 Tunc
379 1780 444 1814 terret
456 1763 566 1831 equorei
577 1768 693 1830 mergitur
703 1761 798 1814 Hoedus
809 1765 880 1831 aqui.

260 1846 330 1896 Tunc
340 1845 399 1894 bene
415 1842 530 1894 desinitur
542 1863 547 1892 ε
561 1858 631 1903 tunc,
640 1845 659 1891 si
671 1845 724 1909 quis
734 1841 839 1893 creditur
849 1843 914 1904 alto,

293 1925 340 1973 Vix
353 1925 429 1972 tenuit
439 1920 521 1970 lacerae
532 1921 647 1986 naufraga
657 1923 764 1971 membra
776 1927 842 1972 ratir.

258 2004 299 2052 -Tu
317 2003 373 2052 licet
387 2003 501 2064 incipias,
514 1999 562 2064 qud
578 1998 665 2048 flebilis
676 1999 739 2048 Allia
752 1999 807 2049 luce

293 2079 436 2129 Vulneribus
448 2078 520 2127 latiis
531 2077 713 2143 sanguinolenta
724 2078 771 2129 suit
783 2098 789 2127 e

212 2164 240 2210 4Ι
248 2164 257 2210 5
262 2157 362 2223 Qudque
373 2155 412 2207 die
424 2154 541 2215 redeunt,
555 2157 623 2204 rebus
635 2157 714 2205 minus
726 2173 781 2222 apta
791 2157 920 2223 gerendis,

294 2235 369 2287 Culta
386 2234 509 2283 Palaestino
519 2236 620 2299 septima
630 2234 687 2284 feste
697 2236 766 2297 Syro.

261 2315 351 2378 Magna
367 2312 500 2377 superstitio
515 2313 559 2360 tibi
572 2316 603 2361 sit
616 2313 700 2362 natalis
710 2316 807 2364 amice:

294 2391 396 2456 Quique
413 2387 505 2454 aliquid
516 2387 623 2439 dandum
637 2391 684 2451 est,
696 2391 739 2440 illa
747 2395 778 2442 sit
788 2408 839 2442 atra
848 2393 909 2445 dier.

261 2467 327 2521 Crlm
338 2470 398 2519 bene
408 2470 489 2517 vitaris
498 2502 506 2528 ‚
516 2482 598 2517 tamen
608 2468 699 2518 auferet
710 2488 717 2518 ε
730 2473 822 2521 invenit
832 2489 909 2524 artem

213 2575 261 2618 420
294 2548 391 2596 Femina
402 2581 411 2605 ,
427 2545 476 2612 qud
486 2544 567 2611 cupidi
578 2562 658 2611 carpat
668 2551 769 2597 amantis
779 2567 848 2615 opes.

262 2626 357 2676 Institor
368 2623 399 2675 ad
407 2622 531 2674 dominam
542 2628 623 2674 veniet
633 2623 758 2675 discinctus
772 2644 881 2679 emacem
893 2647 901 2682 a

221 2721 223 2726 ·
296 2702 411 2768 Expediet
426 2720 515 2752 merces
526 2718 597 2769 teque
608 2700 703 2751 sedente
714 2705 773 2753 suas.

263 2779 327 2840 Quas
337 2780 397 2839 illa,
408 2781 533 2844 inspicias,
550 2782 629 2844 sapere
640 2795 667 2828 ut
675 2779 786 2841 videare,
799 2785 895 2849 rogabit
905 2803 912 2835 r

296 2858 384 2906 Oscula
395 2855 483 2907 deiude
495 2858 562 2908 dabit
574 2877 580 2906 ι
591 2857 678 2908 deiude
688 2862 800 2924 rogabit,
816 2879 890 2912 emas.

215 2935 317 3003 425Hoc
327 2934 378 2982 sore
389 2949 528 2984 contentam
538 2935 629 2984 multos
635 2938 724 3001 jurabit
737 2941 762 2986 in
772 2954 856 2987 annor.

296 3010 368 3060 Nunc
382 3025 442 3073 opus
453 3007 498 3058 effe
511 3011 554 3057 tibi
565 3045 573 3068 ‚
587 3027 651 3060 nunc
662 3014 722 3062 bene
733 3013 798 3064 dicet
807 3020 865 3066 emi.

265 3093 288 3141 si
303 3105 352 3138 non
366 3084 412 3135 esse
423 3085 506 3146 domi,
518 3103 579 3153 quos
589 3087 648 3149 des,
663 3093 787 3142 causabere
798 3110 932 3159 nummum

298 3167 377 3216 Lirera
390 3167 515 3232 posceturr
525 3182 555 3217 ne
568 3165 678 3219 didicisse
687 3175 762 3238 juvet,
