2367 3992
262 640 307 704 90
367 615 411 685 P.
439 615 621 683 Orrnrr
645 618 862 687 NAsours

260 736 364 787 Credere
380 755 419 787 me
430 753 510 788 tamen
521 739 583 792 hoc,
595 737 668 787 oculo
680 754 806 799 renuente,
821 742 917 804 negavi.

210 831 244 876 90
293 817 338 865 Hei
350 817 422 866 mihi!
439 822 488 881 jam
499 814 572 865 didici
587 819 620 865 sic
631 834 727 883 quoque
738 815 803 883 posse
814 818 892 884 loqui.

260 895 304 945 His
320 913 365 961 ego
376 893 510 949 blanditiis,
522 898 541 942 si
552 910 677 959 peccatura
691 893 802 956 fuissem,

293 974 406 1022 Fiesierer
416 991 423 1022 ι
435 976 471 1022 his
482 989 591 1038 poterant
602 977 696 1038 peston
707 975 785 1024 nostra
799 976 860 1038 capi.

260 1052 300 1102 Est
311 1069 407 1118 quoque
423 1087 430 1112 ,
444 1050 575 1112 confiteor,
590 1053 662 1101 facies
674 1054 718 1101 ribi
730 1069 796 1110 rara,
804 1050 930 1117 potestque

206 1151 219 1171 κ
294 1131 363 1179 Velle
373 1132 415 1179 sub
427 1131 549 1196 ampiexus
557 1135 591 1178 ire
603 1130 683 1195 puella
697 1146 758 1179 tuos.

212 1216 242 1264 95
262 1208 342 1258 Altera
354 1208 393 1257 vel
405 1213 484 1274 potius
499 1209 555 1258 felix
567 1212 617 1257 sine
628 1210 726 1257 crimine
738 1207 795 1267 fiat,

288 1285 370 1347 Quim
380 1286 450 1336 cadat
461 1302 558 1336 externo
570 1286 647 1335 noster
657 1303 738 1335 amore
748 1285 834 1349 pudor.

260 1366 332 1415 Disce
343 1382 399 1414 meo
410 1365 537 1430 exemplo,
552 1366 663 1414 formosis
675 1361 739 1429 posse
752 1381 839 1412 carere.

294 1444 334 1493 Est
343 1447 418 1494 virtus
435 1444 528 1508 placitis
539 1441 672 1492 abstinuisse
684 1444 761 1490 bonis.

263 1521 344 1582 Quirn
353 1522 446 1589 ¹multos
457 1520 537 1571 credas
548 1526 643 1586 juvenes
653 1537 753 1585 optare,
766 1517 832 1586 quod
845 1533 932 1584 optas,

217 1620 263 1652 roo
296 1600 344 1660 Qui
354 1602 460 1664 sapiant?
470 1599 552 1647 oculos
564 1616 592 1647 an
602 1601 665 1647 Paris
676 1615 736 1646 unus
744 1599 831 1646 habes?

264 1676 322 1727 Non
332 1692 357 1726 tu
367 1678 420 1741 pius
430 1681 505 1726 cernis
515 1695 522 1734 3
534 1676 575 1726 sed
583 1677 635 1741 plus
647 1680 783 1726 temerarius
795 1674 881 1725 audere

296 1755 347 1804 Nec
366 1756 474 1820 tibiplus
489 1753 584 1815 cordis,
604 1755 644 1804 scd
655 1759 729 1819 meeis
740 1759 801 1812 oris,
813 1753 881 1802 inest.

254 1833 333 1882 *Tunc
345 1849 390 1897 ego
401 1847 424 1881 te
437 1823 526 1882 vellem
536 1833 607 1882 celeri
621 1833 708 1883 venisse
719 1833 798 1882 carini
805 1867 813 1892 ,

297 1908 363 1959 Crim
373 1927 426 1960 mea
435 1914 557 1976 virginitas
569 1913 635 1961 mille
647 1917 719 1976 petita
729 1914 816 1976 procis.

219 1990 288 2049 :0581
301 2004 325 2037 te
333 1985 459 2047 vidissem,
476 1993 565 2054 primus
576 1988 605 2039 de
618 1991 685 2039 mille
697 1987 791 2038 fuisses:

297 2064 392 2115 Judieio
401 2071 496 2117 veniam
506 2070 542 2117 vir
554 2067 621 2118 dabit
634 2071 682 2134 ipse
694 2086 757 2117 meo.

265 2142 303 2194 Ad
313 2142 414 2209 possessa
429 2150 494 2195 venis
505 2163 668 2212 praeceptaque
678 2145 765 2212 gaudia
773 2148 850 2194 serus:

298 2226 355 2288 Spes
369 2241 409 2273 tua
421 2224 484 2274 lenta
495 2226 555 2284 fuit,
567 2224 635 2291 quod
647 2229 722 2290 petis,
734 2225 793 2273 alter
803 2225 883 2273 habet.

267 2301 302 2351 Ut
313 2317 393 2352 tamen
407 2318 514 2368 optarem
529 2303 580 2351 sieri
589 2305 633 2351 tibi
644 2305 719 2352 Troia
734 2308 835 2368 conjux,

222 2384 266 2416 ¹10
300 2382 403 2430 inritam
414 2385 447 2429 sic
458 2398 497 2429 me
508 2397 551 2429 nee
563 2381 687 2429 Menelaus
698 2383 777 2429 habet.

265 2457 355 2507 Desine
368 2457 460 2516 molle,
471 2474 567 2521 precor,
579 2459 657 2506 verbis
669 2457 803 2506 convellere
813 2460 909 2522 pesiusz

300 2535 367 2584 Neve
378 2537 450 2589 mihi,
459 2553 531 2601 quam
540 2550 563 2584 te
573 2533 632 2584 dicis
642 2535 734 2594 a'rnare,
747 2552 815 2584 uoce.

267 2611 314 2662 Sed
329 2618 378 2662 sine
388 2649 395 2673 ‚
407 2631 480 2680 quam
488 2616 572 2664 tribuit
582 2615 670 2662 sortem
679 2615 782 2662 Fortuna
792 2649 799 2672 ,
812 2616 886 2665 tueri:

300 2691 352 2742 Nec
362 2693 465 2757 spolium
477 2693 549 2740 nostri
560 2708 627 2757 turpe
639 2690 735 2756 pudoris
749 2693 817 2741 habe.

223 2778 264 2824 115
269 2768 299 2817 At
311 2770 390 2818 Venus
400 2773 446 2819 hoe
458 2774 524 2835 pasta
532 2771 581 2829 est,
596 2774 620 2819 &
631 2774 656 2819 in
666 2769 720 2820 altae
730 2770 830 2819 vallibus
841 2769 888 2820 idae

303 2849 361 2896 Tres
378 2850 422 2898 tibi
432 2847 455 2898 se
466 2847 540 2899 nudas
551 2851 676 2898 exhibuere
685 2849 755 2898 Deae:

269 2925 371 2991 Unaque
384 2925 439 2975 crim
451 2943 567 2993 regnum,
579 2928 636 2978 belii
645 2926 711 2977 daret
721 2924 911 2984 aiteralaudern3

303 3002 455 3064 Tyndaridos
465 3010 566 3071 conjux,
582 3009 652 3056 tertia
663 3004 739 3064 dixit,
753 3011 807 3054 eris.

270 3078 375 3130 Credere
384 3085 424 3130 vix
432 3081 544 3147 equidem
555 3083 659 3133 coelestia
672 3099 772 3147 corpora
783 3081 878 3147 possum

224 3186 233 3218 1
239 3183 268 3216 20
302 3158 407 3207 Arbitrio
419 3158 522 3210 formam
533 3158 677 3226 supposuisse
689 3178 740 3210 tuo.

270 3236 392 3303 thuesie
403 3239 449 3286 hoc
462 3255 545 3288 verum
555 3274 562 3296 ‚
573 3237 637 3288 certi
650 3257 702 3304 pars
713 3240 787 3290 altera
795 3240 847 3290 fiske
856 3237 906 3300 est,

302 3313 390 3366 iuditii
402 3319 506 3382 pretium
516 3316 564 3385 qui
573 3315 629 3370 data
639 3317 707 3370 dicor
716 3335 771 3388 ego.
