2367 3992
270 436 336 522 278
400 433 604 503 Ovrnrr
631 436 872 505 NAsours

218 563 248 617 55
267 553 368 608 Vixisset
383 555 490 620 Phyllis,
502 561 521 608 ri
533 575 571 607 rne
583 557 647 608 foret
656 560 697 608 usa
708 559 842 623 magistro·,

300 635 331 685 Et
342 652 382 701 per
397 635 464 702 quod
479 640 577 696 novies,
593 638 676 701 saepiur
692 633 749 686 iiler
759 639 814 686 iter.

267 714 320 764 Nec
332 717 436 763 moriens
452 712 520 764 Dido
529 715 624 764 summa
634 712 730 764 vidiil'et
745 716 840 764 abarce

301 789 450 842 Dardanidas
464 806 538 843 tento
552 794 606 842 vela
621 790 712 843 dediss'e
726 808 797 842 raree.

267 871 319 920 Nec
334 869 406 920 dolor
416 868 526 920 armalset
536 886 621 920 contra
631 873 672 919 sua
681 872 770 920 viscera
786 884 910 931 matrem5

220 949 252 989 60
301 949 360 1009 Qua
372 951 430 997 socii
443 947 535 997 damno
543 951 663 1012 sanguinis
678 949 728 998 ulta
738 952 819 998 virum
831 949 875 998 est.

267 1028 323 1078 Arte
335 1025 388 1074 mei
403 1027 510 1080 Tereus,
522 1029 632 1091 quamvis
644 1027 781 1076 Philomela
792 1026 920 1092 placeret,
997 1026 1000 1033 '

300 1105 343 1159 Per
356 1104 446 1152 facinus
458 1102 509 1161 fieri
519 1119 569 1153 non
578 1101 701 1154 meruliset
710 1108 769 1154 avis.

266 1183 306 1232 Da
320 1186 381 1231 mihi
392 1184 520 1247 Pasiphaen
532 1217 542 1241 ‚
556 1186 606 1247 ianr
618 1186 679 1232 tauri
692 1197 767 1247 ponet
776 1197 909 1233 amorem:

257 1281 261 1286 ·
301 1261 339 1310 Da
347 1259 473 1310 Plraedram
484 1295 492 1320 ,
504 1259 609 1310 Phaedrae
620 1265 695 1325 turpia
705 1263 782 1309 abibit
792 1276 873 1310 amur.

221 1339 248 1395 ‘i
269 1336 350 1388 Redde
366 1341 433 1387 Parin
446 1339 529 1398 nobie,
547 1338 656 1399 Helenen
665 1338 790 1388 Menelaiie
807 1338 924 1388 habebitr

301 1417 353 1467 Nec
366 1419 473 1466 manibus
484 1417 574 1466 Danais
586 1419 699 1482 Pergama
709 1419 771 1466 villa
781 1414 881 1465 cadent.

269 1495 346 1560 Impia
356 1499 375 1544 si
385 1496 477 1544 nostros
488 1493 581 1560 legillet
590 1496 671 1557 Scylla
682 1495 796 1550 libelloer

301 1573 409 1623 llaerillet
424 1576 495 1638 capiti
511 1589 635 1637 purpura,
650 1573 727 1631 Nise,
744 1587 796 1621 tun.

267 1651 310 1701 Me
322 1651 398 1709 duce,
411 1650 551 1709 damnosae,
567 1654 694 1710 homines,
709 1652 856 1717 compescite
869 1664 960 1702 curare

219 1736 252 1781 70
301 1731 418 1797 Relinque
429 1747 486 1778 cunr
496 1731 580 1789 sociis,
588 1745 629 1778 me
638 1727 699 1778 duce
710 1764 719 1788 ,
730 1733 796 1778 navis
806 1742 855 1778 eat.

268 1808 334 1859 Naso
346 1807 458 1874 legendus
471 1823 520 1858 eret
532 1842 542 1867 ‚
554 1822 611 1856 tunc
621 1807 677 1856 crim
688 1805 803 1856 didicistis
813 1822 916 1856 amaret
944 1802 946 1807 ’

301 1885 368 1935 Idem
381 1904 443 1935 nunc
458 1888 526 1935 vobis
538 1885 603 1935 Naso
613 1883 726 1951 legendus
742 1888 796 1934 erit.

268 1965 379 2015 Publicus
390 1963 488 2014 affertur
501 1963 607 2014 dominie
618 1961 726 2030 oppressa
737 1965 825 2013 levabo

300 2042 411 2092 PeClora:
423 2042 536 2093 viudierae
543 2047 642 2110 quisque
655 2043 733 2091 favere
747 2044 803 2092 suae.

219 2139 249 2188 75
269 2120 304 2169 Te
321 2137 421 2184 precor,
433 2123 588 2182 Arcitenens,
598 2120 707 2170 adritrua
719 2121 798 2170 laurea
810 2123 881 2172 nobis
889 2122 913 2172 τ’
987 2116 990 2126 ’

300 2196 421 2246 Carminis
437 2203 460 2247 δι
472 2199 589 2258 medita,
602 2201 711 2259 Phoebe,
724 2213 830 2264 repertor
841 2203 906 2266 opis.

267 2275 306 2324 Tu
317 2279 404 2340 pariter
413 2280 476 2333 inti,
488 2281 574 2342 pariter
585 2280 693 2326 succurre
704 2276 812 2328 medenti
822 2296 830 2327 r

300 2354 407 2419 Utraque
418 2355 497 2403 rutelae
508 2354 601 2404 subdita
612 2371 667 2405 cura
679 2371 733 2405 rua.
791 2403 793 2407 ,

266 2433 332 2482 Dum
345 2434 417 2492 licere
435 2436 458 2482 δι
469 2433 560 2483 modici
568 2449 672 2499 tangunt
682 2432 812 2500 precordia
822 2449 905 2484 motus
918 2453 927 2494 5

219 2507 249 2558 ro
299 2515 323 2562 Si
338 2518 419 2578 piget,
431 2515 457 2562 in
472 2516 552 2578 primo
563 2514 646 2563 linrine
658 2517 709 2562 siste
721 2511 816 2578 pedem.

265 2591 399 2656 Opprime,
411 2590 469 2640 dum
477 2609 539 2640 nova
550 2594 622 2650 funt,
634 2593 704 2640 subiti
712 2592 775 2640 mala
785 2593 874 2642 semine
884 2583 994 2652 morbl3'

297 2669 329 2719 Er
343 2686 412 2729 tuus,
430 2673 544 2735 incipiens
561 2674 609 2728 ire,
626 2672 716 2720 resiliat
728 2687 810 2737 equus.

233 2811 236 2819 V
264 2748 329 2798 Nam
344 2760 412 2797 mora
422 2747 464 2798 elrt
472 2753 548 2798 viret:
558 2765 648 2799 teneras
657 2766 725 2798 mora
735 2752 865 2816 percoquit
873 2766 950 2809 uvam

296 2826 326 2874 Et
337 2826 427 2876 validas
436 2831 541 2893 segetes,
554 2826 621 2894 quod
633 2828 678 2878 fuit
691 2830 778 2888 lrerbn,
791 2829 859 2878 facit.

218 2892 245 2956 ⁸5
267 2904 324 2965 Quae
338 2908 426 2969 prabet
440 2906 498 2956 lrtas
509 2910 579 2957 arbor
588 2909 742 2971 spatiantibus
754 2909 869 2968 umbras,

298 2983 354 3043 Quo
369 2987 445 3047 posita
458 2984 490 3032 est
501 2984 605 3048 primrim
619 3001 743 3050 tempore,
754 2989 821 3050 virga
832 2986 890 3037 fuit.

265 3061 330 3111 Tum
342 3076 437 3126 poterat
450 3065 557 3110 manibus
570 3063 663 3112 summa
675 3065 759 3113 tellure
773 3065 875 3124 revelli3

297 3140 367 3192 Nunc
380 3140 425 3191 stat
436 3144 462 3191 in
472 3143 617 3193 immensum
627 3145 717 3195 viribus
726 3145 793 3194 arista
802 3145 861 3193 suis.
