2367 3992
263 454 331 518 228
394 421 867 520 Orrnrr'NAsonrs

293 573 424 625 Palliolum
441 571 524 625 nitidis
539 568 676 641 imposuiile
693 574 779 622 comis.

212 668 241 715 73
248 656 392 715 5Attenuent
407 659 521 720 juvenum
534 654 639 720 vigilate
649 668 752 718 corpore
762 654 862 701 ποθείς

294 733 428 800 Curaque,
445 737 493 783 &e
507 749 596 798 magno
606 736 649 798 qui
660 731 687 781 fit
698 748 799 791 amore,
812 728 894 780 dolore

261 811 298 862 Ut
314 829 373 863 voto
387 815 478 877 potiare
495 827 550 867 tuo,
568 809 708 860 miserabilis
719 811 784 869 εἰὶσε

294 890 347 949 Ut,
359 893 404 956 qui·
416 905 439 940 te
452 887 551 944 videat.
562 887 641 938 dicere
651 892 745 954 possit,
762 889 843 937 Amas.

262 959 417 1034 Conquerar?
431 983 462 1016 an
476 982 588 1026 meeum,
603 970 707 1015 mixtum
721 966 757 1015 fas
766 981 841 1016 omne
851 962 973 1030 nefasque?

214 1057 263 1105 740
295 1045 392 1096 Nomen
403 1047 509 1094 amicitia
524 1045 557 1094 est
566 1080 574 1105 ,
583 1061 674 1094 nornen
685 1047 756 1094 inane
766 1042 835 1093 fidos.

260 1123 306 1174 Hei
318 1123 390 1172 mihi!
402 1141 456 1175 nnn
463 1138 546 1173 tutum·
559 1123 609 1182 est,
620 1120 777 1189 quoniamst,
790 1118 974 1172 laudnresodalis

293 1201 358 1252 cum
372 1203 416 1252 tibi
431 1201 541 1252 laudanti
554 1200 676 1256 credidit,
687 1203 737 1266 ipse
750 1202 822 1250 subit.

260 1281 294 1332 At
303 1298 353 1332 non
365 1280 485 1332 Astorides
500 1282 587 1331 ledum
597 1283 722 1330 temeravit
733 1279 852 1339 Achillis3

294 1361 419 1422 Quantum
427 1347 461 1410 'ad
470 1362 606 1410 Pirithoum
615 1396 623 1419 ,
633 1357 732 1408 Phaedra
741 1356 830 1424 pudica
840 1358 897 1409 fuit.

213 1441 258 1489 745
263 1438 411 1489 Hermionen
422 1437 537 1502 Pylades,
551 1455 601 1505 quo
612 1435 708 1487 Pallada
719 1437 842 1497 Phoebus,
856 1437 967 1485 amabatx·

295 1514 415 1582 Quodque
427 1517 471 1566 tibi
483 1519 608 1581 geminus,
618 1513 744 1578 Tyndari,
757 1513 847 1564 Castor
856 1528 914 1564 erat.

261 1597 286 1646 si
297 1598 349 1662 quis
369 1594 434 1644 idern
448 1597 541 1659 sperat3
555 1597 655 1659 Jasturas
664 1609 738 1660 poma
749 1595 859 1654 myricas·

222 1684 227 1705 1
293 1676 376 1740 Speret
384 1677 423 1722 n&
436 1675 460 1722 iu
471 1670 553 1722 medio
563 1670 663 1721 flumine
674 1671 748 1721 mella
757 1686 834 1736 petat.

262 1750 324 1812 Nil,
336 1753 381 1801 nisi
394 1765 478 1818 turpe,
490 1755 557 1818 juvat
569 1769 576 1800 e
588 1766 650 1799 curae
661 1750 694 1799 est
707 1751 748 1799 sua
758 1753 846 1816 cuique
857 1749 980 1814 voluptas.

213 1835 262 1883 7'50
276 1888 277 1895 ἵ
296 1831 353 1880 llaec
364 1846 460 1897 quoque
477 1833 506 1880 ab
518 1829 616 1879 alterius
625 1843 691 1894 gram
702 1826 787 1877 dolore
798 1831 884 1889 venit,

262 1908 317 1964 Heu
334 1909 439 1960 facinus!
452 1925 501 1958 non
515 1909 547 1958 est
558 1908 629 1957 hostis
642 1904 785 1956 metuendus
796 1909 897 1956 amanti.

296 1990 364 2051 Quos
378 1985 454 2038 credis
464 1985 545 2046 fidos,
561 1984 654 2050 effuge,
670 2001 734 2035 tutus
749 1988 804 2033 eris.

263 2066 405 2132 Cognatum
417 2065 562 2130 fratremque
576 2081 648 2123 cave,
661 2080 791 2130 carumque
801 2060 909 2113 sodalem
919 2080 930 2112 e

297 2145 413 2194 Praebebit
423 2161 491 2194 veros
502 2145 552 2193 hnc
562 2144 606 2193 tibi
617 2142 686 2192 turba
697 2157 784 2191 metus.
826 2159 828 2162 ·

214 2236 242 2281 75
250 2223 383 2281 ifinitruus
394 2239 458 2271 eram
472 2219 535 2270 >sed
543 2224 598 2270 sunt
608 2220 699 2270 diversa
709 2221 795 2285 puellis

299 2299 485 2349 Pedorarmille
495 2301 587 2348 animos
599 2302 680 2364 excipe
694 2297 762 2346 mille
773 2296 864 2347 modis.

264 2378 316 2430 Nec
334 2376 404 2428 tellus
416 2375 498 2425 eadem
510 2380 572 2441 parit
582 2379 664 2425 omnia
678 2393 686 2424 .·
698 2377 788 2425 vitibus
800 2375 846 2424 illa

227 2458 230 2463 ’
296 2454 441 2515 Convenit,
460 2457 510 2504 brec
524 2455 583 2504 oleis
600 2457 664 2503 elnac
676 2454 736 2502 bene
749 2453 812 2502 farra
821 2456 913 2505 virent.

264 2534 402 2585 Pedioribus
413 2549 491 2583 mores
503 2535 619 2592 totiunt,
631 2547 692 2598 quot
701 2535 727 2580 in
737 2532 795 2579 orbe
804 2529 908 2596 figuraen

170 2638 173 2646 ·
217 2620 269 2670 760-
297 2613 346 2674 Qui
357 2614 433 2677 sapiu>
442 2613 572 2660 innumeris
583 2611 690 2659 moribus
701 2623 769 2673 aptus
781 2612 835 2658 erit.

264 2688 346 2755 thue
361 2690 424 2755 leves
436 2687 619 2739 Proteus-modi
631 2689 654 2736 fe
671 2687 782 2735 tenuabit
793 2689 820 2734 in
830 2684 907 2736 undas
918 2702 930 2735 t·

296 2767 372 2816 Nunc
387 2767 441 2823 leo,
455 2784 518 2817 minc
530 2769 617 2825 arbor,
631 2782 693 2814 nunc
706 2767 752 2813 erit
763 2766 913 2828 hirtusaper.

251 2837 252 2841 ¹
264 2843 298 2895 Hi
310 2843 389 2904 iaculo
404 2847 478 2909 pisces
490 2880 499 2904 ,
511 2844 550 2893 illi
559 2839 684 2908 capiuntur
693 2843 722 2890 ab
733 2839 829 2891 hamis:

298 2921 349 2969 Hos
365 2937 422 2969 cava
436 2936 551 2970 contento
564 2925 623 2970 retia
634 2920 809 2970 fune'trahunr.

218 2996 318 3050 765Nec
336 2997 380 3045 tibi
398 3000 524 3045 conveniat
534 2999 632 3045 eunfiios
642 2996 728 3046 modus
740 3014 800 3046 unus
811 2995 947 3047 redonnus:
961 3036 964 3042 .

300 3072 406 3140 Longius
422 3071 519 3123 insidias
533 3090 602 3129 cerna
614 3072 705 3129 ridebit
717 3073 786 3127 anus.
840 3114 842 3118 -
