2367 3992
263 539 331 584 200
387 509 885 581 OurnrrAMoreurr

214 652 244 696 30
293 638 369 687 Lenta
382 638 538 709 tumescenfes
547 637 649 702 equoris
660 631 727 682 audit
737 648 820 699 aquas.

259 715 349 766 Desine
363 713 508 773 blanditias,
526 718 551 763 δι
559 714 632 763 verba
643 715 751 777 poteana
761 708 910 777 quondam,

293 791 393 842 Perdere
405 811 411 841 e
422 809 472 841 uon
486 808 531 857 ego
542 793 595 840 sum
606 791 706 851 stultus,
721 805 749 839 ur
758 805 813 839 ante
825 789 872 838 sui.

260 872 403 931 Luuantur,
420 874 546 936 pestusque
562 869 614 919 leve
625 873 650 918 in
661 871 780 919 contraria
790 866 914 923 rendunt,

292 949 344 999 Hic
356 966 435 1004 arnor,
447 947 493 996 hic
504 947 603 997 odium:
616 945 671 1006 sed,
683 963 760 1012 puto,
770 950 848 998 uincit
859 963 944 996 amor.

213 1043 239 1089 35
260 1025 341 1079 Odero
352 1063 360 1087 ,
377 1031 396 1076 si
407 1042 492 1091 potero
503 1029 537 1075 :si
547 1043 614 1086 non,
631 1028 720 1077 invitus
735 1025 831 1075 amabo.

292 1106 344 1156 Nec
355 1110 411 1170 juga
427 1120 506 1155 taurus
517 1119 658 1172 amoreque
668 1120 749 1154 tamen
756 1101 828 1162 odit,
841 1103 926 1154 haber.

259 1184 400 1252 Nequitiam
414 1185 483 1252 fugio
501 1203 507 1233 ι
524 1185 656 1250 fugientem
672 1184 751 1233 forma
761 1179 866 1231 reducit.

291 1265 392 1317 Aversor
404 1280 500 1313 morum
511 1266 628 1313 crimina:
641 1278 725 1328 corpus
735 1278 802 1311 amo.

260 1345 298 1393 Sic
315 1360 360 1408 ego
371 1360 416 1392 nec
427 1345 476 1392 sine
491 1329 531 1402 re,
544 1359 587 1391 nec
603 1357 682 1391 tecum
692 1343 771 1390 vivere
784 1336 902 1408 poffiime

211 1439 242 1482 40
293 1421 324 1470 Et
337 1419 421 1471 videor
432 1424 484 1470 voti
498 1421 589 1469 nescius
599 1417 645 1469 effe
657 1423 714 1471 rnei.

259 1503 308 1549 Aut
320 1501 424 1549 formosa
432 1499 595 1559 soresmirrus²
604 1502 730 1550 autminus
738 1498 850 1564 improbe
860 1495 984 1558 ,veiiemr
1014 1492 1024 1521 ⁸

292 1578 350 1626 Non
363 1577 421 1631 fucit
428 1575 459 1626 ad
466 1593 544 1627 mores
555 1592 604 1626 tam
614 1579 678 1629 bonu
688 1576 766 1627 forma
776 1577 865 1626 maior.

260 1657 329 1704 frua
340 1670 439 1705 movent
450 1653 552 1716 odium²
563 1654 635 1704 facies
646 1672 728 1705 exorat
740 1673 867 1706 amorem=
889 1663 892 1668 '

293 1733 335 1782 Me
350 1735 463 1782 miserum
475 1734 481 1782 Ξ
491 1736 556 1782 viriis
573 1734 625 1803 plus
637 1734 701 1784 vaiet
712 1733 754 1783 iila
764 1723 820 1788 suisss

210 1825 239 1869 45
259 1811 349 1872 Parce,
367 1823 408 1878 per
423 1810 455 1861 61
471 1811 525 1865 leui
536 1812 633 1861 socialia
644 1815 709 1877 jura,
725 1830 766 1877 per
781 1829 868 1862 omues

295 1891 306 1957 (
317 1891 364 1952 Qui
376 1889 434 1940 dent
449 1889 567 1940 fallendos
580 1893 602 1939 se
615 1892 657 1939 tihi
669 1893 742 1956 saepe,
757 1899 766 1950 )
783 1891 866 1953 Deos,

261 1970 351 2035 Perque
368 1984 434 2017 turm
447 1968 532 2017 fucicm
542 2005 549 2029 ,
561 1971 644 2034 magui
658 1971 718 2016 mihi
730 1971 837 2018 numinis
847 1969 938 2032 iuster,

223 2079 227 2087 ·
294 2048 384 2112 Perque
397 2063 449 2096 tuos
461 2047 562 2108 oculos,
577 2050 619 2112 qui
629 2063 725 2111 rapuere
736 2064 813 2096 meos.

261 2123 384 2190 Quicquid
394 2127 438 2173 eris
446 2122 519 2180 ,'mea
530 2126 621 2189 semper
635 2127 694 2173 eris:
705 2140 733 2174 ‚eu
747 2125 819 2193 selige
837 2125 950 2191 rantum,

215 2216 244 2260 50
294 2204 336 2251 Me
346 2220 442 2273 quoquc
453 2203 515 2252 velle
530 2203 605 2260 velis,
620 2220 679 2253 anne
693 2206 787 2252 coruus
802 2208 901 2258 amem?

260 2281 344 2330 Lintea
355 2279 411 2329 dem
423 2280 503 2345 potiris
513 2316 520 2340 ‚
532 2284 656 2352 ventisque
666 2282 794 2334 ferentiBus
805 2299 875 2350 uuu3¹

293 2357 328 2408 Ur
344 2361 453 2424 quamvis
468 2359 562 2418 uuiim,
579 2377 652 2425 cogar
666 2378 745 2410 amare
760 2376 851 2417 rameru

275 2478 959 2552 «πὲἦᾎέπεε»

421 2610 816 2674 euuuruxrr.
941 2583 945 2589 ’

262 2701 331 2844 Q
342 2790 396 2824 urs
409 2773 455 2823 fuit
467 2774 508 2824 ilie
520 2773 583 2830 dies,
595 2791 644 2840 quo
657 2774 729 2824 tristia
740 2777 833 2840 semper
843 2779 939 2833 amanti

295 2852 385 2902 Omina
398 2868 448 2900 nou
461 2852 520 2901 albae
532 2853 683 2902 concinuistis
695 2856 764 2902 avesi

262 2926 370 2990 Quodve
375 2943 457 2992 putem
468 2927 532 2978 sidus
543 2931 628 2979 nostris
639 2947 761 2982 occurrere
772 2932 849 2983 satis?

268 3036 274 3049 .
294 3005 391 3066 Quosve
399 3005 463 3054 Deos
473 3008 498 3054 iu
507 3023 545 3054 me
556 3006 619 3055 beila
629 3024 725 3058 movere
737 3014 836 3076 querar?
890 3071 892 3074 Ι

233 3113 243 3159 5
263 3086 322 3148 Quae
332 3082 408 3134 modu
417 3081 479 3133 diua
491 3100 545 3133 mea
558 3086 605 3145 est,
618 3103 690 3152 quum
703 3092 765 3158 coepi
777 3089 840 3137 solus
851 3106 933 3142 amare
940 3126 951 3155 ,

297 3163 364 3217 Cum
373 3163 456 3216 multis
469 3181 552 3220 vereor
560 3181 591 3219 ue
602 3168 633 3217 sit
642 3164 752 3223 habenda
762 3169 832 3221 mihi.
