2367 3992
350 456 615 522 Hunornrs.
646 447 721 514 Er.
753 449 824 515 ΙΧ.
898 468 940 532 41

221 572 307 635 Quam
319 575 384 624 male
397 573 525 640 inequales
535 574 637 622 veniunt
646 568 677 618 ad
685 583 761 618 aratra
768 571 862 634 juventi
869 603 878 630 ‚

254 654 321 702 Tam
333 655 451 718 premitur
463 667 551 716 magno
563 655 664 715 conjuge
672 663 747 712 nupta
758 650 849 696 minor.
966 663 997 707 30

218 727 281 778 Non
297 732 377 780 honor
388 731 437 790 est,
448 727 489 778 sed
499 745 559 779 onus
566 763 576 788 ‚
587 730 674 794 speeies
685 727 767 775 laesura
779 725 905 775 ferentem.
951 769 954 775 .

255 809 280 855 Si
293 824 339 873 qua
350 807 417 856 voles
430 805 597 872 aspernabere,
609 806 671 854 nube
685 806 746 870 ptri.
769 852 771 855 ,

219 885 267 935 Vir
276 889 339 934 mihi
351 887 445 950 semper
453 887 531 943 abest3
550 888 574 934 &
588 887 690 949 conjuge
699 883 888 947 notiorhuspess

252 965 428 1031 Monstraque,
444 963 560 1014 terribiles
568 964 762 1029 persequiturque
772 960 844 1011 feras.

167 1077 169 1082 -
220 1042 273 1108 ipsa
285 1041 363 1093 domo
374 1041 465 1103 vidui,
476 1045 539 1092 votis
552 1057 650 1108 operata
661 1039 769 1106 pudicis,
964 1059 990 1104 ς,-

253 1121 400 1187 Torqueor,
411 1120 497 1169 infesto
507 1123 584 1171 nevit
599 1121 628 1169 ab
639 1120 704 1168 hoste
717 1116 795 1168 cadet.

220 1198 285 1248 Inter
296 1205 415 1265 serpentes
426 1201 541 1264 aprosque
556 1195 687 1262 avidosque
700 1196 781 1245 leones

250 1278 331 1327 latior
344 1282 368 1328 bt
378 1279 481 1326 haesuros
493 1292 559 1325 terna
569 1292 611 1341 per
622 1291 664 1324 ora
676 1290 754 1322 canes.
832 1286 834 1288 ·

218 1355 261 1404 Me
271 1353 394 1420 pecudum
407 1353 487 1413 fibrae,
502 1353 675 1418 simulacraque
691 1353 772 1400 inania
781 1351 879 1412 somni,

250 1433 390 1498 Ominaque
399 1431 484 1480 arcani
494 1433 645 1496 nodepetita
656 1443 765 1478 movent.
958 1461 991 1505 40

217 1510 332 1575 Aucupor
342 1509 426 1560 infelix
436 1512 531 1559 incerte
539 1524 663 1558 murmura
674 1506 743 1556 famae
753 1525 759 1554 ι
858 1521 863 1532 ’

249 1593 345 1654 Speque
363 1592 437 1637 timor
449 1585 541 1647 dubii,
558 1588 658 1653 spesque
671 1588 758 1636 timore
768 1587 843 1638 radit.

217 1665 299 1716 Mater
309 1666 391 1726 abest,
407 1669 562 1732 queriturque
574 1665 629 1714 Deo
643 1661 757 1729 placuiffe
770 1668 873 1729 potenti.

248 1743 303 1793 Nec
316 1758 384 1809 pater
396 1745 539 1808 Amphitryo
549 1778 557 1803 ,
568 1758 618 1792 nee·
629 1758 687 1808 puer
697 1741 783 1804 Hyllus
795 1741 869 1794 adest.

214 1822 313 1872 Arbiter
330 1821 472 1885 Eurystheus
483 1822 524 1870 irae
539 1821 640 1869 lunonis
653 1822 740 1885 inique
955 1854 984 1900 45

246 1903 355 1950 Sentitur
366 1900 435 1949 nobis
441 1932 450 1960 ,
466 1901 549 1964 iraque
559 1897 633 1963 longa
644 1897 714 1947 Deae.

212 1979 274 2029 Haec
285 1981 347 2029 mihi
358 1978 419 2029 ferre
435 1993 519 2042 parurn
531 1975 564 2025 est
573 1993 579 2023 ε
589 1977 726 2041 peregrinor
736 1971 804 2026 addis
814 1992 920 2026 amores:

245 2056 280 2105 Et
295 2071 374 2106 mater
389 2055 420 2106 de
433 2070 456 2105 te
471 2055 585 2122 quelibet
598 2050 644 2102 else
661 2054 749 2119 potest.

213 2133 275 2184 Non
287 2152 336 2200 ego
345 2136 476 2187 Partheniis
487 2148 629 2188 temeratsm
636 2132 740 2188 vallibus
747 2132 849 2201 Augen,

250 2214 304 2263 Nec
317 2213 419 2263 referam
433 2227 531 2279 partus,
548 2212 651 2262 Ormeni
658 2214 783 2277 nympha,
796 2227 858 2263 tuos.

212 2290 274 2341 Non
290 2293 334 2340 tibi
344 2294 437 2341 crimen
444 2305 529 2352 erunt,
543 2292 700 2341 Theutrantia
710 2292 797 2352 turba,
810 2294 917 2354 sorores,

246 2369 357 2430 Quarum
371 2367 401 2419 de
411 2369 503 2435 populo
517 2369 584 2418 nulla
600 2369 680 2418 telina
692 2370 745 2419 tibi.

210 2446 284 2507 Una,
296 2464 377 2496 recens
388 2449 496 2508 crimen,
508 2447 632 2512 prefertur
638 2444 744 2497 adultera
751 2450 837 2508 nobis;

244 2524 318 2574 Unde
330 2543 377 2591 ego
387 2528 439 2575 sum
450 2524 520 2588 Lydo
531 2525 592 2574 fana
601 2541 705 2576 noverea
715 2526 801 2576 Lamo.

209 2601 352 2663 Maeander,
367 2608 438 2654 toties
452 2607 494 2670 qui
505 2607 571 2654 terris
588 2620 650 2653 errat
660 2607 686 2653 in
696 2602 790 2665 isdem,

242 2680 292 2740 Qui
307 2679 375 2730 laffas
389 2684 513 2751 insesaepe
523 2697 743 2748 retorquetaquam

208 2757 279 2808 Vidit
288 2763 315 2807 in
327 2759 447 2809 Herculeo
458 2761 567 2824 suspensa
577 2760 680 2808 monilia
691 2759 757 2808 collo
764 2777 775 2819 ς

239 2837 306 2898 Illo,
323 2842 362 2887 cui
373 2838 463 2888 coelum
476 2841 565 2888 sarcina
575 2855 648 2902 parva
659 2836 714 2886 fuit.

206 2914 265 2964 Non
275 2914 367 2981 puduit
376 2916 450 2966 fortes
461 2934 518 2967 auro
529 2918 641 2966 cohibere
652 2917 769 2974 lacertos,

239 2993 271 3042 Et
285 2991 370 3043 solidis
382 3009 488 3058 gemmas
499 2993 634 3060 apposuille'
642 2998 708 3044 toris.
945 3025 977 3066 50

204 3069 302 3135 Nempe
314 3074 357 3121 sub
368 3075 405 3121 his
418 3076 522 3121 animam
533 3072 603 3138 pestis
614 3073 726 3122 Nemeaea
736 3075 828 3125 lacertis

239 3148 326 3203 Edidit
338 3169 346 3211 ς
362 3149 424 3203 unde
435 3152 547 3207 brunerus
562 3153 669 3218 tegmina
679 3153 752 3204 laevus
763 3155 843 3207 haber.

954 2255 987 2304 50

951 2649 978 2695 55
