2367 3992
339 493 728 560 Cousotarro
810 458 893 570 v321

217 593 301 663 Iamne
316 611 352 661 fui
364 611 436 660 Drusi
452 615 541 660 mareri
554 612 578 657 δι
595 607 718 673 ipsefuit?

181 686 237 740 Nec
252 690 307 740 cuim
320 691 435 740 viliorem
445 687 560 736 referetur
565 683 646 735 adesse
654 683 795 740 Neronem,

218 769 303 817 Dicere
313 771 361 833 jam
373 781 472 833 potero,
481 767 576 830 Major,
588 780 619 813 an
631 762 706 822 alter,
718 759 802 810 adest?
820 793 822 795 -
905 782 950 828 ¹50

183 845 279 895 Ultima
293 850 438 910 contigimus
450 863 456 892 r
470 847 506 909 jus
516 846 599 892 matris
611 843 725 891 habemus
736 841 766 888 ab
778 853 837 887 uno.

216 923 294 971 Unius
309 925 341 972 est
357 939 462 982 munus,
480 919 547 987 quod
559 935 640 969 tamen
657 919 716 969 orba
727 933 811 982 negor.

184 1001 228 1050 Me
243 1001 364 1051 miseram!
381 1002 480 1048 extimui
495 1034 503 1059 ,
516 999 638 1064 frigusque
653 1013 694 1062 per
711 993 762 1045 olla
772 995 886 1043 cucurrit.

217 1079 260 1129 Nil
279 1096 323 1144 ego
335 1083 384 1144 jam
395 1075 489 1144 polium
505 1092 569 1125 certa
580 1092 667 1125 vocare
681 1090 771 1140 meum.

184 1158 232 1208 Hic
250 1173 316 1205 meus
327 1172 381 1205 ecce
393 1155 439 1204 fuit
451 1172 457 1202 r
470 1155 536 1219 jubet
546 1155 585 1202 hic
599 1151 629 1201 de
641 1151 712 1202 fratre
719 1152 804 1202 vereri.
873 1172 876 1180 ·
907 1165 949 1212 155

218 1237 307 1284 Omnia
322 1237 371 1298 iam
387 1247 482 1281 metuo:
493 1231 580 1281 sortior
597 1244 651 1278 aute
663 1229 707 1278 fui.

185 1315 279 1377 Sospite
292 1327 330 1365 te,
342 1311 426 1359 saltem
437 1311 529 1358 moriar
540 1343 548 1369 ,
561 1307 628 1357 Nero
636 1327 643 1356 r
651 1321 677 1357 tu
686 1323 740 1356 mea
754 1305 843 1356 condat

219 1391 337 1448 Lumina,
356 1392 381 1437 δι
393 1390 494 1451 excipias
505 1389 566 1435 hanc
580 1389 687 1436 animam
702 1402 744 1433 ore
754 1387 805 1449 pio.

184 1467 265 1531 Atque
277 1468 368 1534 utinam
384 1465 457 1513 Drusi
467 1480 550 1513 manus
561 1464 649 1518 altera,
663 1466 687 1511 δι
700 1461 773 1511 altera
784 1462 863 1511 fratris
875 1496 883 1522 ,

219 1546 359 1594 formarent
370 1542 454 1592 oculos
466 1577 474 1597 ,
490 1545 739 1608 committunturque,
751 1539 835 1591 nieos!
906 1549 953 1594 ιςό

185 1620 260 1682 Quod
272 1623 342 1681 licet,
354 1623 401 1670 hoc
411 1618 473 1670 ceree
484 1621 579 1670 tumulo
593 1636 712 1686 ponemur
721 1622 747 1668 in
757 1635 824 1679 uno,

218 1701 295 1748 Druse
306 1718 312 1748 r
324 1715 401 1763 neque
417 1696 447 1747 ad
458 1713 548 1747 veteres
559 1696 670 1746 conditus
680 1699 726 1746 ibis
735 1713 801 1746 avos.

184 1775 307 1826 Miscebor
317 1775 437 1836 cinerique
448 1775 523 1830 cinis,
538 1786 610 1837 atque
621 1773 712 1820 ostibus
722 1768 781 1821 offa.

218 1852 286 1899 Hanc
297 1850 376 1898 lucem
387 1848 458 1898 celeri
470 1850 563 1898 turbine
575 1851 648 1898 Parca
656 1849 730 1898 neatl

172 1928 243 1994 ¹liare
254 1933 279 1977 ὃ(
291 1927 359 1993 plura
368 1926 441 1976 refert
453 1946 459 1976 r
471 1928 582 1990 lacrymae
593 1929 635 1977 sua
646 1929 718 1978 verba
730 1928 879 1993 sequuntur,
909 1946 951 2000 ¹⁶5

219 2007 315 2073 Oraque
332 2009 493 2072 nequicquam
505 2023 545 2066 per
555 2005 632 2055 modo
643 2005 724 2072 questa
735 2003 821 2054 fluunt.

186 2086 254 2146 Quin
264 2089 337 2134 eriam
350 2101 451 2150 corpus,
471 2088 542 2134 matri
552 2087 592 2136 vix
600 2089 688 2150 vixque
698 2079 838 2143 remissurn,

218 2165 339 2230 Exsequiis
354 2166 444 2221 caruit,
456 2163 539 2223 Livia,
551 2179 618 2228 paene
629 2164 685 2212 suis.

185 2243 280 2307 Quippe
292 2239 378 2290 ducem
389 2242 472 2289 arsuris
483 2245 599 2290 exercitus
610 2242 817 2302 omnisinatmis,

217 2320 282 2368 lnrer
292 2335 344 2385 quae
358 2321 447 2384 periit,
466 2336 555 2384 ponere
566 2334 643 2368 certus
655 2333 713 2369 erat.
909 2347 954 2391 ¹70

185 2396 288 2446 Abstulit
298 2400 380 2448 inuitis
391 2413 477 2462 corpus
488 2398 623 2448 venerabile
635 2400 729 2458 frater,

218 2475 249 2523 Et
262 2475 367 2524 Drusum
383 2478 481 2540 patria,
498 2473 565 2541 quod
576 2474 710 2540 licuitque,
726 2471 802 2524 dedit.

185 2551 203 2600 F
206 2568 276 2600 unera
286 2550 405 2601 ducuntur
412 2555 522 2601 Romana
534 2568 575 2617 per
584 2551 673 2617 oppida
685 2552 772 2613 Drusi,
792 2559 794 2566 '

218 2630 271 2677 Heu
284 2629 373 2678 facinus
382 2635 443 2694 iper
452 2646 505 2696 quae
515 2633 591 2680 vilior
602 2634 677 2678 iturus
687 2646 745 2680 erat.

184 2706 229 2756 Per
241 2721 307 2770 qun,
319 2704 403 2756 deletis
419 2710 577 2768 Rhaetorum,
594 2723 708 2768 venerat,
725 2713 805 2759 armis.
909 2723 951 2771 ης

219 2781 265 2831 Hei
279 2783 357 2832 mihi!
374 2801 447 2850 quam
462 2785 541 2850 dispar
552 2789 608 2835 huic
626 2785 673 2835 suit
688 2785 750 2835 illud
762 2789 826 2838 iter!

184 2860 278 2912 Consul
294 2862 340 2909 init
350 2861 427 2910 statiis
439 2862 578 2913 maerentem
590 2864 691 2913 fascibus
705 2864 805 2915 Urbem.

218 2936 283 2998 Quid
295 2938 382 2988 faceret
393 2943 484 3004 nisius,
497 2943 530 2990 sic
542 2943 582 2990 ubi
590 2943 666 2990 victor
676 2945 735 2995 init-l

185 3016 267 3066 Maesta
279 3014 365 3066 domus
377 3017 491 3082 plangore
504 3020 588 3080 sonat,
602 3024 641 3069 cui
653 3019 729 3085 figere
741 3020 809 3072 l‘aetus

219 3096 286 3144 Parta
298 3095 339 3144 suri
350 3091 463 3145 dominus
476 3113 575 3147 voverat
586 3115 652 3147 arma
661 3115 743 3149 manu.
910 3105 957 3154 180

185 3171 249 3221 Urbe
260 3178 336 3239 gemit
346 3209 355 3238 ,
375 3177 399 3226 δι
410 3174 505 3230 tultum
516 3176 658 3230 miserabilis
670 3175 750 3228 induit
761 3192 838 3229 unum
849 3195 857 3229 r

749 3257 802 3310 Ov
