2367 3992
266 505 540 576 Rnrrrnta
576 499 812 569 Anotera.
852 522 919 584 297

204 625 257 678 Nec
277 645 320 677 nos
337 643 463 692 purpureas
474 626 539 690 pueri
550 624 706 673 resecabimus
717 621 765 671 alas
777 639 783 669 τ

238 696 368 754 Neciacer
382 721 430 754 arte
447 703 502 753 merl
515 704 590 752 laxior
601 719 667 751 arcus
678 705 732 750 erit.

203 781 342 834 Consilium
358 783 409 844 est,
424 774 593 848 quodcumque
605 798 665 830 carto
677 799 683 828 t
703 794 782 845 parete
793 779 906 837 canenti3

239 861 320 926 thue
334 861 405 921 sacis,
417 863 518 925 coepris,
538 861 628 909 Phoebe
642 859 747 917 saluber,
764 854 827 905 ades.

204 935 309 986 Phoebus
320 937 397 987 adesir
410 940 508 987 sonuere
519 938 591 1000 lyrae,
607 939 704 985 sonuere
717 938 840 1000 pharetra.
924 944 969 990 705

238 1017 308 1079 Signa
319 1016 398 1064 Deum
409 1018 482 1065 nosco
490 1033 530 1080 per
541 1017 581 1064 sua
590 1034 595 1061 :
604 1016 706 1063 Plroebus
718 1010 790 1060 adest.

204 1089 299 1142 Confer
312 1094 437 1155 Amyclaeis
447 1091 594 1141 medicatum
604 1091 679 1139 vellus
691 1093 771 1139 ahenis

237 1170 331 1219 Murice
341 1187 403 1219 cum
414 1171 489 1231 Tyrio
502 1172 611 1233 :turpius
625 1165 687 1216 illud
703 1171 756 1215 erit.

203 1247 255 1297 Vos
267 1264 363 1312 quoque
376 1247 487 1296 formosis
496 1247 582 1296 vestras
593 1246 700 1295 conferte
708 1245 817 1310 puellas:

237 1326 339 1388 Incipiet
356 1323 460 1373 dominae
475 1341 595 1390 quemque
612 1322 700 1388 pudere
713 1325 769 1372 suae.
924 1334 972 1376 710

201 1402 312 1468 Utraque
327 1403 437 1452 formosa
456 1401 534 1451 Paridi
551 1418 650 1468 potuere
667 1400 760 1461 videti;

236 1477 283 1528 Sed
300 1482 343 1529 sibi
356 1481 468 1529 collatam
479 1484 537 1529 vicit
552 1497 677 1545 utramque
689 1481 780 1529 Venus.

202 1557 256 1608 Nec
268 1557 344 1607 solam
362 1559 448 1607 faciem
459 1577 467 1618 3
486 1576 564 1608 mores
575 1575 671 1625 quoque
683 1557 765 1608 confer
777 1562 802 1609 &
810 1574 885 1609 artem
897 1578 904 1608 r

237 1636 342 1685 Tanttlm
356 1636 448 1701 judicio
463 1655 494 1688 ne
510 1654 562 1686 tuus
572 1640 636 1686 obsit
650 1654 727 1686 amor.

202 1715 322 1780 Exiguum
337 1717 386 1775 est,
399 1714 466 1781 quod
478 1713 563 1764 deinde
575 1731 675 1763 canam:
689 1713 729 1762 sed
742 1715 833 1779 profuit
844 1713 905 1764 illud
924 1730 971 1775 7¹5

236 1794 355 1858 Exiguum
376 1793 458 1840 multis
471 1827 479 1851 ‚
491 1796 517 1861 in
532 1793 617 1857 quibus
633 1793 681 1855 ipse
697 1791 742 1839 fui.

202 1872 295 1935 Scripta
307 1888 362 1919 cave
380 1871 468 1934 relegas
485 1867 578 1918 blandae
594 1871 684 1917 servata
699 1867 803 1932 puellaet

235 1948 378 1998 Constantes
396 1952 490 1997 animos
505 1950 591 2012 scripta
601 1947 686 1996 telesia
698 1963 805 1997 movent.

202 2027 293 2084 Omnia
304 2043 366 2091 pone
376 2026 438 2075 feros
448 2061 456 2085 ,
468 2043 540 2091 pones
552 2029 656 2083 invitus,
671 2029 695 2073 in
705 2029 771 2090 ignes
782 2044 792 2074 a

235 2106 267 2154 Et
283 2104 340 2165 dic,
357 2103 453 2154 Ardoris
464 2109 495 2154 sit
505 2121 575 2169 rogus
587 2105 628 2153 iste
639 2106 695 2152 mei.

202 2181 309 2232 Thestias
323 2184 442 2233 absentem
457 2181 579 2232 succendit
594 2183 671 2246 stipite
687 2197 784 2231 natum:

236 2262 275 2310 Tu
295 2259 378 2310 timidi
394 2261 495 2311 flammae
507 2259 598 2326 perlida
610 2263 681 2311 verba
692 2259 779 2310 dabis?

202 2341 227 2390 Si
243 2357 324 2405 potes,
345 2345 369 2390 δι
382 2358 445 2391 ceras
458 2358 554 2390 remove
567 2359 573 2390 t
587 2338 646 2406 quid
658 2343 762 2403 selagine
772 2339 845 2388 muti

236 2418 346 2483 Carperis
357 2423 365 2468 ἓ
381 2424 425 2469 hoc
441 2424 511 2486 periit
521 2418 653 2468 Laodamia
664 2417 748 2468 modo.

201 2495 233 2546 Et
245 2498 297 2546 loca
314 2499 390 2547 multa
405 2515 510 2547 nocent:
525 2498 604 2561 fugito
617 2498 670 2558 loca
686 2497 780 2545 conscia
795 2495 865 2545 vcslri
924 2503 967 2547 7²5

236 2575 402 2626 Concubittis:
415 2578 495 2624 causas
509 2574 576 2623 mille
588 2573 679 2623 doloris
690 2575 786 2621 habent.

201 2651 250 2704 Hic
273 2654 333 2701 suit:
346 2652 385 2701 hic
402 2654 500 2701 cubuit:
516 2653 623 2702 thalamo
633 2650 794 2700 dormivimus
803 2649 865 2699 islo:

234 2729 283 2778 Hic
299 2731 358 2776 milti
369 2728 456 2778 lascivi
467 2728 554 2794 gaudia
564 2733 633 2780 nosic
648 2729 724 2781 dedir.
770 2714 777 2742 ⁸

203 2806 340 2858 Admonitu
352 2807 475 2856 refricatur
487 2825 554 2857 antor
565 2826 573 2866 3
584 2809 718 2874 vulnusque
727 2795 844 2859 novatum

234 2883 356 2934 Scinditur
368 2904 374 2934 t
387 2885 487 2935 infirmis
499 2887 567 2938 causa
578 2887 664 2952 pusilla
674 2905 756 2939 nocet.
923 2887 972 2933 73⁰

201 2963 237 3013 Ut
257 2980 324 3028 pane
335 2966 464 3013 extinr‘ium
480 2967 583 3014 cinerem
599 2969 618 3013 si
631 2965 719 3015 sulfure
730 2983 826 3033 tangarr

236 3043 309 3093 Vivet
321 3078 328 3101 ,
341 3047 371 3092 ὃ(-
381 3060 394 3092 e
410 3046 511 3093 minimo
522 3047 640 3093 maximus
650 3048 711 3109 ignis
722 3049 775 3096 erit.

202 3123 258 3180 sic,
275 3125 320 3170 nisi
330 3125 412 3172 vitaris
428 3120 544 3187 quicquid
552 3125 678 3172 renovabit
688 3140 810 3181 amorem,

236 3200 346 3250 flamma
356 3198 522 3265 redardescet‚
537 3217 590 3267 quae
607 3199 684 3252 modo
696 3201 767 3252 nulla
778 3201 840 3253 suite

758 3278 781 3329 N
798 3294 814 3330 v
