2367 3992
262 473 334 538 204
384 426 857 527 OurnrrAruouurr

262 574 325 624 Hinc
340 571 413 621 simul
429 573 525 643 exieris,
541 571 638 622 lascivia
649 574 757 637 protinus
771 573 856 621 omnis.

214 668 244 700 ao
294 652 361 701 Absit
374 669 382 710 3
395 655 419 703 dt
430 654 456 700 in
467 649 528 699 lecto
539 652 640 701 crimina
650 666 713 714 pone
724 664 776 699 tuo.

261 729 316 779 lllic
330 747 374 780 nec
386 734 492 782 tunicam
509 731 554 779 tibi
565 732 597 778 sit
607 726 708 794 posuiffe
723 731 819 787 rubori;

294 808 346 858 Nec
357 807 445 859 femori
454 810 597 873 impositum
606 803 736 857 sustinuilse
747 806 835 856 femur.

218 934 221 941 ,
261 886 316 936 lllic
329 889 450 951 purpureis
464 882 581 935 condatur
592 885 674 950 lingua
683 884 793 942 labellis3

294 965 368 1029 Inque
385 961 472 1012 modos
483 963 601 1013 Venerem
614 963 682 1012 mille
693 959 781 1027 figuret
791 978 870 1012 amor.

215 1053 244 1101 25
263 1042 315 1092 lllic
325 1059 369 1091 nec
379 1058 467 1101 voces,
478 1058 522 1091 nec
532 1043 605 1092 verba
614 1044 721 1107 juvantia
730 1038 836 1091 ceffent:

295 1117 439 1186 Spondaque
456 1117 545 1172 lascivi
561 1118 697 1169 mobilitate
715 1133 811 1168 tremat.

263 1195 340 1251 Indue
351 1214 407 1248 cum
417 1201 504 1249 tunicis
515 1213 663 1251 metuentem
674 1200 776 1250 crimina
786 1196 901 1247 vultume

296 1275 328 1326 Et
338 1274 416 1342 pudor
430 1279 563 1327 obscenum
576 1275 707 1328 diffiteatur
717 1293 786 1342 opus.

264 1355 303 1406 Da
315 1356 423 1423 populo„
437 1355 472 1407 da
477 1358 549 1406 verba
558 1358 634 1406 mihi:
647 1358 700 1423 sine
707 1356 799 1404 nescius
810 1371 886 1404 errem
892 1372 907 1415 5,

216 1450 248 1500 30
296 1433 328 1483 Et
345 1435 416 1484 liceat
426 1434 497 1486 stulti
507 1433 647 1484 credulitate
658 1434 715 1483 frui.

247 1513 317 1566 .Cur
333 1517 404 1564 toties
418 1512 490 1564 video
501 1515 566 1562 mitti
581 1515 702 1578 recipique
716 1510 838 1561 tabellae?

297 1589 350 1640 Cur
359 1588 448 1656 prelsur
458 1593 523 1655 prior
534 1590 567 1639 est
575 1593 722 1660 interiorque
734 1605 799 1640 torus
810 1592 821 1638 ἒ
836 1655 841 1662 .

253 1666 318 1731 ¹Cur
331 1667 403 1732 plur,
415 1666 490 1733 quim
506 1670 607 1729 somno,
620 1669 727 1718 turbatos
742 1665 789 1717 else
800 1667 924 1733 capillum

297 1745 434 1812 Collaque,
448 1749 587 1812 conspicio,
602 1745 680 1796 dentis
695 1747 781 1796 habere
791 1749 898 1796 notam.>
922 1750 924 1754 '

217 1836 246 1882 ες
264 1823 373 1875 Tanttlm
387 1840 437 1874 non
447 1825 531 1875 oculos
542 1829 633 1875 crimen
644 1824 741 1876 deducis
752 1824 783 1874 ad
792 1827 871 1890 ipsoex

298 1905 322 1952 Si
337 1902 432 1952 dubitas
447 1903 516 1953 farne
528 1921 642 1970 parcere,
655 1920 725 1970 parce
735 1905 804 1953 mihi.

265 1980 335 2030 Mens
346 1982 397 2032 abit
408 2019 417 2043 ,
433 1986 457 2032 δε
467 1985 572 2042 morior,
589 1985 683 2048 quoties
697 1978 803 2047 peccaffe
813 1981 916 2043 fateriae

298 2059 389 2126 Perque
400 2077 466 2109 meos
479 2076 542 2111 artus
553 2059 641 2125 frigida
654 2074 722 2125 gutta
732 2058 795 2108 fluit.

267 2137 336 2186 Tunc
354 2154 427 2188 amor
440 2153 498 2188 nanc
505 2137 547 2188 odi
559 2139 661 2198 frustra,
673 2135 739 2203 quod
749 2154 829 2188 amare
841 2136 933 2190 necelse
943 2139 983 2191 el'r'.

219 2221 250 2264 40
299 2216 369 2264 Tunc
387 2233 452 2282 ego,
466 2215 507 2266 sed
523 2233 621 2277 tecum,
633 2230 742 2266 mortuus
754 2214 801 2266 else
809 2217 895 2268 velim.

267 2293 310 2344 Nil
327 2293 438 2360 equidem
452 2296 571 2361 inquiram
581 2311 654 2349 enec,
671 2311 723 2360 quae
737 2294 813 2344 celare
824 2297 941 2361 parabi»,

299 2373 428 2438 Insequar3
442 2376 467 2423 dc
479 2372 531 2422 falsi
545 2375 652 2423 criminis
662 2370 733 2422 instar
742 2376 795 2439 erit.

267 2454 292 2500 Si
306 2455 423 2502 tamenin
437 2449 518 2502 media
527 2450 640 2518 deprensa
651 2452 760 2501 tenebere
773 2452 863 2518 culpi,

225 2562 231 2578 .
299 2531 331 2581 Et
348 2530 438 2581 fuerint
450 2531 623 2596 oculia·probra
632 2528 736 2582 videnda
745 2534 805 2580 meis
810 2549 819 2590 3

218 2622 248 2670 45
268 2609 326 2672 Quae
342 2611 401 2660 bene
419 2611 469 2660 visa
479 2609 655 2669 mihifuerint‚
672 2610 731 2659 bene
741 2611 913 2677 viianegatoe

301 2686 444 2739 Concedent
458 2689 535 2740 verbio
545 2687 638 2737 lumina
647 2687 726 2738 nostra
735 2690 792 2737 tuis.

266 2766 346 2817 Prona
356 2769 400 2816 eibi
415 2770 480 2818 vinci
494 2769 630 2831 cupientem
642 2768 737 2817 vincere
747 2765 828 2831 palma
837 2768 880 2817 eilr

300 2843 339 2892 Sit
349 2841 440 2903 modo,
456 2843 514 2893 Non
526 2843 590 2902 ieci,
607 2842 685 2893 dicere
701 2843 896 2909 linguamemon

232 2936 239 2975 ῑ
269 2919 335 2974 cum
348 2922 391 2970 tibi
402 2924 526 2986 contingat
536 2923 613 2972 verbis
624 2923 731 2986 superare
741 2920 835 2973 duobus
846 2939 859 2980 ·,

222 3013 254 3061 po
302 3001 362 3054 Etsi
373 2998 517 3060 uon-cauni,
528 2997 688 3064 judicevince
702 3012 758 3052 tuot
