2367 3992
308 460 371 523 118
424 456 467 523 P.
497 453 678 520 Ournrr
701 453 923 521 NAsonrs

254 584 283 637 75
303 581 381 644 Atque
392 581 485 626 utinam
494 576 603 625 constans
612 589 695 624 contra
705 591 759 624 mea
771 575 824 625 vcia
832 574 928 628 iuiffcti

335 654 381 705 Sed
391 655 488 705 stultum
500 655 533 704 est
542 658 609 704 venri
619 653 649 703 de
659 653 755 704 levitate
766 657 842 720 queri.

301 734 372 783 Mota
385 734 433 783 loci
443 733 509 782 fami
520 733 678 798 properabam
689 733 762 782 visere
773 732 872 794 Delon,

332 811 363 860 Et
375 812 450 860 facere
461 810 548 876 ignavsl
558 828 637 876 puppe
649 809 747 861 videbar
756 814 810 860 iter.

300 889 381 950 Qudrn
393 892 468 954 saepe,
481 904 507 938 ut
518 887 607 948 tardis,
620 889 667 938 feci
677 892 786 938 convicia
796 893 867 938 remis
878 890 885 939 Ξ

248 964 280 1013 eo
330 967 462 1033 Questaque
473 970 525 1016 sum
534 984 609 1018 vento
618 967 693 1016 lintea
702 984 773 1032 parca
782 965 849 1017 darii

295 1043 328 1093 Et
340 1050 389 1110 jam
401 1049 539 1095 transieram
550 1047 693 1107 Myconon,
706 1050 756 1110 jam
768 1046 855 1096 Tenon
867 1051 892 1097 δι
900 1047 1018 1104 Androni

328 1123 403 1189 Inque
414 1128 473 1172 meis
483 1124 560 1174 oculis
571 1121 674 1173 candida
684 1123 759 1172 Delos
770 1139 829 1173 erat.

295 1200 374 1261 Quam
386 1203 469 1267 procul
481 1219 508 1253 ut
519 1202 585 1263 vidi,
599 1201 664 1264 Quid
674 1220 712 1250 me
725 1201 787 1266 fugis
797 1237 805 1262 ‚
816 1203 908 1263 insula,
921 1204 990 1257 diiii

327 1280 422 1329 Laberis
432 1285 458 1330 in
473 1298 562 1347 magno
574 1280 709 1348 numquid,
724 1295 831 1340 utente,
846 1284 924 1331 marii
970 1330 973 1335 ,

246 1356 274 1417 85
294 1358 424 1409 Institeram
436 1376 519 1421 tertre,
533 1361 588 1410 crim
600 1366 649 1426 jam
659 1396 667 1421 ,
679 1377 752 1427 prope
764 1361 818 1408 luce
826 1360 935 1423 petreii,

325 1437 427 1488 Demere
438 1443 560 1504 purpureis
571 1438 613 1486 Sol
623 1443 678 1504 Juga
688 1439 762 1487 vellet
773 1439 853 1503 equis:

292 1518 359 1578 Quos
374 1517 440 1569 idem
455 1518 539 1567 solitos
549 1517 674 1582 postquam
684 1520 807 1566 revocavit
815 1515 846 1566 ad
856 1533 941 1580 ortus,

324 1595 462 1647 Comuntur
473 1597 570 1655 noilrae,
586 1610 662 1645 matre
672 1597 787 1661 jubente,
799 1610 885 1643 comae.

289 1674 341 1739 ipsa
357 1673 424 1724 dedit
437 1691 544 1740 gemmas
555 1673 652 1739 digitis,
665 1679 690 1723 ὅ(
702 1674 806 1722 crinibus
817 1690 903 1723 aurum

239 1760 272 1805 90
322 1753 353 1802 Et
364 1755 436 1805 vestes
450 1756 554 1803 humeris
564 1752 644 1803 induit
656 1755 705 1819 ipsa
718 1756 787 1801 meis.

288 1832 399 1882 Protinus
409 1829 504 1899 egreisae
515 1835 624 1898 Superis,
637 1834 723 1898 quibus
734 1831 810 1880 insuia
823 1833 888 1880 sacra
898 1831 947 1889 est,

319 1911 391 1960 Flava
400 1913 506 1961 salutatis
517 1928 573 1960 *tura
585 1928 726 1976 merumque
736 1909 830 1959 damus.

286 1986 400 2055 Dumque
410 2007 493 2055 parens
503 2008 553 2040 aras
565 1994 649 2041 votivo
660 1993 771 2054 sanguine
785 1991 874 2053 tingit,

319 2069 430 2134 Festaque
442 2069 542 2118 fumosis
551 2073 639 2135 ingerit
649 2084 702 2117 exta
713 2068 773 2116 focis
782 2085 790 2126 ς

237 2161 264 2206 95
284 2143 371 2196 Sedula
383 2165 421 2196 me
432 2151 512 2196 nutrix
522 2147 578 2196 alias
591 2164 687 2213 quoque
698 2145 764 2194 ducit
774 2149 799 2193 in
810 2143 889 2206 aedes,

316 2223 473 2290 Erramusque
483 2242 545 2289 vago
554 2242 595 2289 per
606 2224 659 2273 loca
669 2227 733 2273 sacra
744 2223 812 2288 pede.

282 2302 314 2352 Et
324 2301 399 2351 modb
409 2297 540 2367 porticibus
552 2306 655 2368 spatior,
667 2301 743 2350 modo
754 2316 853 2350 munera
862 2319 952 2369 regum

314 2381 392 2430 Miror
404 2399 409 2429 :
423 2385 446 2430 δε
458 2384 482 2430 in
494 2385 582 2430 cuniiis
594 2382 677 2429 stantia
688 2384 754 2444 signa
766 2378 834 2427 locis.
919 2370 921 2374 ’

281 2461 374 2510 Miror:
388 2463 412 2509 &
424 2462 553 2510 innumeris
565 2460 674 2508 struiiam
684 2456 714 2506 de
728 2460 838 2506 comibus
851 2475 933 2520 aram,

234 2541 279 2573 ¹00
312 2539 344 2588 Et
354 2535 383 2589 de
393 2557 439 2606 qua
450 2542 541 2605 pariens
551 2540 635 2588 arbore
644 2541 700 2587 nixa
706 2537 759 2586 Dea
767 2537 807 2586 eil.
820 2569 825 2576 -
861 2572 863 2577 -

279 2619 311 2669 Et
323 2636 375 2685 quae
383 2632 494 2685 preterea
507 2617 600 2686 (neque
611 2620 676 2666 enirn
686 2619 815 2666 meminive
824 2606 837 2676 ,³
845 2615 948 2678 libetve,

313 2697 434 2765 Quicquid
444 2700 477 2747 ibi
488 2695 553 2756 vidi,
566 2695 661 2756 dicere,
675 2697 685 2764 )
699 2694 773 2744 Delos
783 2695 862 2744 habet.

278 2777 386 2826 Forsitan
397 2779 447 2826 haec
458 2779 578 2842 spellam,
590 2792 604 2823 a
614 2790 636 2824 te
647 2777 781 2841 speiiabar‚
799 2775 902 2833 licentis

309 2854 413 2919 Visaque
424 2854 563 2919 simplicitas
575 2854 608 2901 eii
618 2870 670 2901 mea
681 2850 746 2916 polle
756 2855 817 2916 capi.

229 2929 302 2988 resin
316 2931 433 2994 templum
446 2930 531 2985 redeo,
547 2928 660 2994 gradibus
674 2931 792 2989 sublime,
805 2931 906 2981 Dimaet

307 3009 395 3058 Tutior
411 3013 457 3058 lroc
469 3012 548 3074 ecquis
562 3007 645 3057 debuit
655 3005 701 3058 eii'e
713 3010 798 3059 iocus?

273 3087 382 3138 Mittitur
392 3100 445 3136 ante
457 3085 527 3152 pedes
542 3086 650 3146 malum,
663 3105 718 3138 curn
730 3093 834 3138 carmine
846 3089 897 3139 tali.

305 3164 352 3216 liei
366 3167 426 3215 mihi
435 3165 442 3215 i
453 3169 530 3232 jurati
540 3182 605 3217 nunc
614 3183 711 3235 quoque
720 3183 786 3234 piene
796 3169 848 3218 tibi.
