2367 3992
287 503 329 568 30
388 481 430 549 P.
459 482 638 548 Orruit
659 482 884 550 NArourr

298 613 980 686 eae—-a-n-»s‘gfflfflao

406 743 749 806 EPISTOLA
790 745 873 806 VII.

481 875 604 935 Droo
652 879 807 936 AEnrAE.

286 965 325 1085 S
340 1054 349 1084 r
364 1052 396 1096 c,
417 1037 458 1086 ubi
471 1037 521 1086 fata
534 1052 638 1096 vocant,
651 1036 703 1087 udis
714 1038 817 1104 abjesius
830 1038 855 1085 in
866 1037 962 1098 herbis,

315 1113 353 1164 Ad
363 1113 424 1164 vada
435 1113 553 1164 Maeandri
564 1119 671 1164 concinit
682 1116 749 1165 albus
759 1116 822 1164 olor.

283 1193 349 1253 Nec,
362 1196 418 1259 quia
430 1209 453 1242 te
463 1191 541 1242 nostrai
552 1194 642 1257 sperem
653 1211 722 1258 prece
733 1191 799 1258 poffe
810 1193 921 1253 moveri,

315 1270 449 1337 Alloquor:
460 1270 557 1320 adverso
568 1274 690 1321 movimus
698 1271 740 1320 ista
751 1271 815 1320 Deo.

253 1363 264 1412 5
283 1347 329 1399 Sed
339 1353 455 1399 metita&
464 1348 553 1398 famam
563 1366 709 1415 ‚corpusque
717 1352 872 1414 animumque
878 1345 1004 1413 pudicum,

316 1425 382 1478 Ctim
394 1426 456 1477 male
466 1425 613 1493 perdiderim
622 1463 630 1487 ,
639 1425 737 1492 perdere
748 1429 836 1487 verba,
849 1427 901 1477 leve
913 1427 953 1475 est.

283 1503 371 1555 Certus
386 1523 409 1555 es
424 1510 459 1555 ire
477 1521 574 1566 tamen,
587 1507 745 1572 miseramque
756 1504 890 1570 relinquere
901 1501 968 1552 Dido
981 1521 987 1551 ι
1019 1504 1020 1507 ’

239 1591 240 1595 ’
317 1585 395 1651 Atque
410 1582 477 1633 idern
487 1587 553 1634 venti
563 1584 618 1633 vela
628 1583 749 1650 fidemque
761 1584 847 1634 serent.

282 1660 370 1712 Certus
388 1680 429 1722 es,
441 1661 529 1722 Euro,
548 1679 604 1710 cum
616 1661 706 1713 fordere
716 1662 807 1713 solvere
817 1678 902 1710 naves:

238 1750 266 1782 ¹0
317 1741 424 1806 Quaeque
439 1741 479 1789 ubi
492 1740 800 1804 sintnescis‚1talaregna
813 1741 888 1803 sequi.

283 1819 335 1869 Nec
349 1836 412 1869 nova
422 1817 545 1883 Carthago
555 1854 563 1877 ,
575 1835 618 1866 nec
631 1834 653 1867 te
665 1820 792 1867 crescentia
805 1829 907 1880 tangunt

316 1897 424 1957 Moenia,
439 1913 482 1946 nec
497 1899 589 1962 sceptro
600 1894 688 1945 tradita
699 1898 792 1944 summa
804 1909 855 1942 tuo.

283 1975 353 2023 fana
364 1974 440 2039 fugis,
455 1972 564 2022 facienda
574 1977 634 2038 petis
646 1993 652 2021 ι
663 1971 789 2039 quaerenda
799 1988 841 2037 per
852 1972 937 2020 orbern

316 2052 412 2101 Altera:
424 2055 522 2118 quaesita
537 2051 569 2099 est
584 2052 658 2100 altera
673 2067 733 2100 terra
744 2051 797 2100 tibi.

236 2141 264 2187 15
286 2127 319 2177 Ut
329 2145 416 2179 terram
423 2133 528 2180 invenias
537 2165 545 2188 ,
554 2132 607 2195 quis
619 2147 671 2178 eam
681 2130 724 2178 tibi
736 2126 813 2178 tradet
823 2125 958 2178 habendam
968 2132 977 2177 i

316 2206 376 2267 Quis
388 2210 428 2254 sua
437 2223 486 2254 uon
497 2210 561 2254 notis
571 2224 627 2256 arva
640 2205 742 2256 tenenda
753 2205 837 2256 dabit?

283 2284 351 2334 Alter
361 2282 482 2334 habendus
496 2301 564 2333 amor
579 2286 623 2333 tibi
634 2285 717 2345 restat,
730 2289 755 2334 &
767 2284 840 2333 altera
854 2281 938 2334 Dido:

316 2361 443 2427 Quamque
458 2365 545 2410 iterum
558 2361 641 2423 fallas,
654 2363 728 2411 altera
738 2360 817 2411 danda
828 2359 896 2411 fides.

285 2439 388 2501 Quando
400 2444 444 2489 etit
455 2455 480 2488 ut
491 2438 579 2488 condas
590 2441 661 2488 instar
675 2440 828 2504 Carthaginis
840 2440 939 2500 urbem,

166 2568 168 2573 ,
238 2529 268 2561 20
318 2519 350 2568 Et
361 2517 442 2570 videas
453 2518 554 2583 populos
565 2518 626 2567 altus
638 2521 667 2567 ab
681 2536 733 2568 arce
745 2523 816 2567 tuos?

285 2597 375 2647 Omnia
391 2614 417 2646 ut
428 2601 552 2657 eveniant,
563 2614 607 2646 nec
620 2613 643 2646 te
654 2613 694 2647 tua
705 2613 763 2647 vota
774 2611 911 2656 morentur,

317 2674 388 2725 Unde
397 2677 458 2735 tibi,
471 2692 524 2742 quae
536 2690 558 2724 te
569 2679 602 2725 sic
611 2691 694 2735 amet,
708 2692 767 2725 uxor
779 2678 841 2725 erit?

284 2752 363 2813 Uror,
380 2770 406 2804 ut
421 2752 519 2803 indusio
535 2769 618 2803 ceratae
633 2754 721 2803 sulfure
735 2752 815 2804 taedae:

317 2830 353 2881 Ut
366 2835 405 2897 pia
417 2832 516 2881 fumosis
527 2830 609 2882 addita
621 2848 672 2882 tura
684 2833 754 2883 focis.

238 2923 266 2971 ²5
285 2909 371 2959 AEneas
385 2911 461 2960 oculis
473 2913 564 2976 semper
573 2911 694 2976 vigilantis
705 2915 818 2960 inhaeret:

318 2986 409 3038 AEuean
421 2992 502 3038 auimo
515 3005 610 3054 noxque
624 2988 721 3055 diesque
732 2989 812 3038 refert.

286 3065 330 3116 Ille
340 3065 437 3132 quidem
453 3067 515 3116 maie
528 3083 623 3132 gratus,
637 3071 661 3116 ὃ(
673 3067 704 3117 ad
714 3086 769 3117 mea
779 3085 877 3117 munera
889 3069 991 3132 surdut,

319 3145 350 3196 Et
361 3162 426 3212 quo,
444 3149 463 3195 si
477 3162 527 3197 nou
538 3148 584 3196 sim
594 3145 684 3210 stulta,
696 3163 774 3198 catere
783 3147 873 3198 velim:
