2367 3992
264 472 331 538 ¹54
374 445 848 519 OurorrArrouurr

259 568 318 621 Noli
330 586 353 620 re
367 571 477 622 formose
490 569 569 621 decuit
579 575 669 622 servare
680 573 765 638 puellae

292 652 386 700 Limina
398 669 404 699 ι
416 651 511 699 solicito
523 668 615 700 carcere
627 650 711 716 dignus
722 670 781 703 eras.

212 730 240 782 ‘5
260 729 360 795 Jamque
370 732 494 794 pruinosos
504 730 605 779 molitur
614 730 708 779 Lucifer
721 747 790 790 axes5

293 809 368 873 Inque
378 811 446 857 suum
454 811 551 858 miseros
560 813 647 872 excitat
655 810 702 858 ales
712 827 781 876 opus.

181 930 182 933 ,
261 889 293 939 At
308 904 333 936 tu
343 923 351 948 ,
363 904 412 936 nou
423 887 483 936 laeris
498 887 602 937 derrasla
615 905 706 938 corona
718 887 833 955 capillis,

294 967 360 1015 Dura
374 968 442 1031 super
453 966 505 1016 tori
516 967 600 1016 limina
610 970 678 1016 nocie
688 972 748 1032 jace.

262 1045 300 1095 Tu
312 1043 430 1105 domim,
442 1044 498 1094 crim
510 1061 532 1094 re
544 1048 674 1110 proicslam
685 1061 756 1094 mane
767 1043 860 1095 videbit
867 1077 878 1105 ,

213 1143 244 1188 70
294 1126 420 1190 Temporis
432 1125 534 1174 absumri
545 1141 594 1174 tam
606 1125 669 1172 male
679 1125 742 1173 restis
753 1127 806 1173 cris.

262 1203 448 1269 Qualiscumque
464 1203 533 1257 vale,
545 1206 651 1268 sentique
663 1205 769 1251 abeuntis
780 1217 888 1250 amorem
899 1234 911 1260 ,

295 1283 385 1344 Lente,
399 1299 443 1332 nec
451 1280 553 1332 admisso
562 1285 635 1347 turpis
643 1296 738 1330 amante
747 1300 753 1329 ε
762 1280 824 1330 vale.

261 1364 313 1414 Vos
323 1379 420 1430 quoque
433 1361 539 1412 crudeles
550 1361 628 1428 rigido
642 1378 697 1410 cum
712 1362 796 1408 limine
805 1359 897 1425 poster,

293 1443 408 1508 Duraque
420 1445 533 1493 consertae
544 1442 610 1506 ligna
619 1441 696 1491 valere
707 1439 779 1488 fores.

277 1546 960 1620 q-..........Qissss.“-oe==>

418 1677 672 1740 ELEGIA
711 1675 823 1737 Vll.

262 1771 331 1893 Α
338 1854 399 1893 ωε
411 1858 496 1892 manus
503 1845 529 1892 in
542 1842 622 1893 vincla
632 1857 710 1895 meas,
721 1850 951 1895 mementorum,

296 1922 363 1970 Dum
375 1921 441 1971 furor
451 1925 530 1972 omnis
541 1923 591 1971 abir
603 1957 611 1982 ,
622 1925 641 1971 si
649 1925 701 1987 quis
712 1922 801 1968 amicus
816 1913 880 1965 ades.

262 2001 327 2050 Nam
341 2001 407 2050 furor
415 2005 442 2050 in
452 2001 576 2051 dominam
589 2003 713 2051 temeraria
724 1998 820 2047 brachia
831 1997 920 2045 movit.

295 2078 349 2128 Flet
362 2097 416 2129 mea
426 2079 511 2131 vesani
521 2081 574 2129 laesa
583 2080 663 2146 puella
674 2095 755 2128 manu.

234 2168 244 2214 5
264 2157 333 2208 Tunc
344 2174 388 2224 ego
399 2159 437 2209 vel
450 2176 515 2208 caros
526 2154 595 2223 potui
611 2158 702 2207 violare
716 2168 842 2221 parentes,
888 2164 891 2171 ¹

297 2237 362 2285 Saeva
371 2236 410 2285 vel
421 2238 446 2284 in
456 2237 545 2294 sanilos
555 2237 654 2285 verbera
664 2236 723 2283 ferre
735 2233 810 2281 Deos.

265 2312 347 2376 Quid?
365 2330 415 2362 nou
426 2317 467 2374 &,
479 2314 557 2379 clypei
568 2313 680 2364 dominus
690 2308 866 2376 septemplicis,
879 2308 940 2373 Ajax

297 2394 385 2441 Stravit
398 2390 524 2457 deprensos
536 2393 583 2442 lara
594 2409 635 2457 per
648 2406 703 2440 arva
714 2391 809 2454 greges?

265 2470 313 2532 Et,
327 2469 414 2522 vindex
423 2472 449 2519 in
458 2487 534 2520 matre
542 2474 630 2536 patris,
641 2469 718 2518 malus
729 2468 794 2516 ultor
804 2466 916 2525 Orestes,

218 2565 248 2597 ro
295 2551 370 2599 Ausus
383 2553 408 2598 in
425 2567 519 2600 arcanas
531 2551 627 2616 poscere
635 2547 682 2597 tela
692 2547 772 2596 Deus?

186 2691 188 2698 Ι
264 2628 328 2694 Ergo
339 2645 383 2694 ego
393 2626 495 2694 digestos
507 2631 576 2694 potui
590 2627 678 2676 laniare
689 2625 807 2692 capillos?

297 2707 349 2756 Nec
363 2705 488 2756 dominam
500 2703 712 2759 moraededecuere
726 2720 811 2753 comae.

264 2786 302 2832 Sic
314 2784 419 2834 formosa
430 2786 491 2836 fuit:
505 2786 578 2834 talem
590 2782 732 2834 Schoenei'da
746 2781 830 2832 dicunt

297 2863 420 2911 Maenalias
435 2881 491 2912 arcu
506 2860 632 2912 solicitasse
650 2862 718 2910 ferar.

220 2957 246 3009 ις
266 2940 332 2990 Talis
347 2945 434 3006 periuri
442 2938 602 3005 promissaque
611 2939 712 3003 velaque
722 2938 809 2986 Thesei

298 3018 375 3067 flevit
389 3021 518 3083 praecipites
530 3013 613 3068 Creila
622 3013 700 3065 tulisse
711 3017 800 3065 Notos.

266 3101 319 3160 Sic,
332 3100 377 3146 nisi
386 3099 475 3146 vittatis
486 3093 552 3162 quod
563 3109 629 3155 erar,
645 3091 790 3155 Cassandra,
807 3091 910 3157 capillis,

298 3177 427 3228 Procubuit
443 3175 547 3244 templo,
565 3174 627 3227 casta
637 3174 747 3228 Minerva
753 3207 762 3236 ,
779 3186 829 3224 tuo.
