2367 3992
288 445 731 513 ersnrtIAEtturA
755 447 927 539 VH·¹35

216 566 393 628 Qulsmihinon
401 567 647 632 ,Demensaquisnon
654 568 845 627 mihi,Barbate,
855 569 933 621 dixit?

247 647 298 711 lpsa
313 648 374 695 nihil
387 646 492 713 :pavido
507 647 589 712 lingua
600 662 692 696 retenta
702 663 779 696 metu.
951 658 983 711 20,

215 723 260 773 Sed
271 729 338 774 taciti
350 726 428 796 fecere¹
437 742 518 775 tamen
529 729 637 776 convicia
646 726 727 776 uultus
739 744 745 772 t

244 804 303 872 ‘Egit
316 821 355 854 me
368 805 492 867 lacrymis,
506 821 547 853 ore
561 805 662 862 silente,
675 820 752 852 reum.

214 883 276 932 liure
287 901 353 932 meos
363 885 467 932 humeris
477 883 567 934 vellem
577 879 688 931 cecidilsc
701 881 819 931 lacertos=

245 959 335 1010 Utilitls
351 966 419 1026 potui
431 977 497 1027 parte
510 979 588 1010 carere
600 964 656 1010 mei.

213 1037 240 1086 In
250 1055 304 1087 mea
317 1042 411 1089 vesanas
423 1041 495 1088 habui
506 1038 629 1104 dispendia
639 1042 699 1089 vires
709 1057 715 1088 ε

244 1115 275 1164 Et
288 1116 353 1166 valui
368 1134 466 1181 pernam
479 1118 548 1166 fortis
558 1122 584 1166 iu
596 1120 644 1182 ipsc
659 1134 748 1166 meam.

213 1192 277 1254 Quid
289 1197 351 1242 mihi
364 1196 505 1254 vobiscum,
518 1194 587 1244 caedls
603 1195 764 1261 scelerumque
777 1195 906 1245 ministra?

243 1271 334 1322 Debita
343 1273 461 1337 sacrilega
478 1273 558 1324 vincla
569 1275 645 1322 subite
655 1291 748 1322 manus.

211 1349 266 1408 An,
282 1354 301 1398 si
318 1349 445 1415 pulsall'em
457 1355 586 1400 minimum
597 1350 626 1401 de
637 1351 707 1416 plebe
718 1352 853 1411 Quiritem,

245 1428 374 1477 Plesterer?
386 1433 411 1477 in
423 1428 548 1478 dominam
559 1434 596 1495 jus
609 1433 669 1478 mihi
680 1434 756 1494 nraJus
767 1433 831 1477 erit?
949 1443 980 1488 30

210 1495 315 1556 Pessima
332 1505 438 1571 Tydides
455 1508 569 1558 scelerum
584 1523 740 1557 monumenta
751 1508 864 1573 reliquite

243 1585 287 1634 Ille
303 1585 381 1635 Deam
392 1590 482 1652 primus
492 1587 609 1652 perculit3
622 1587 681 1636 alter
692 1604 746 1652 ego.

211 1661 257 1712 Sed
267 1664 345 1712 mimis
355 1665 397 1714 ille
408 1681 496 1714 nocens
508 1685 513 1714 :
526 1669 585 1714 mihi
596 1701 603 1724 ,
615 1683 687 1732 quarn
697 1664 826 1731 profitebar
836 1670 908 1716 amari
920 1701 929 1724 ,

243 1742 309 1792 Laesa
322 1744 369 1802 est,
382 1742 488 1806 Tydides
499 1746 571 1794 savus
582 1749 608 1793 in
620 1747 684 1794 holle
697 1746 751 1794 fuit.

210 1819 222 1883 Ι
242 1823 324 1882 nunc,
340 1822 482 1888 magnificos
493 1826 569 1873 vietor
584 1823 670 1872 molire
685 1825 837 1888 triumphos:

243 1899 322 1966 Cinge
339 1919 436 1950 comam
447 1902 527 1961 lauro,
540 1917 644 1968 votaque
656 1899 728 1949 redde
739 1901 792 1949 Jovi
804 1918 811 1947 r

210 1976 315 2043 Quaeque
327 1995 380 2028 tuos
395 1967 476 2029 currus
494 1984 654 2029 comitantum
668 1981 737 2028 turba
750 1980 877 2045 sequetur,

243 2056 341 2106 Clamet
351 2075 358 2115 3
374 2059 400 2107 lo
417 2058 474 2107 forti
485 2062 546 2109 vicia
558 2059 638 2124 puella
648 2060 714 2108 virol

208 2137 270 2186 Ante
282 2151 320 2187 eat
331 2135 405 2186 effuso
417 2137 486 2186 tristis
495 2142 588 2203 captiva
598 2138 706 2202 capillo,
736 2125 739 2129 ⁴

242 2217 266 2264 si
283 2220 386 2264 sinerent
396 2216 471 2277 laesae,
483 2215 585 2266 candida
597 2232 665 2276 tota,
684 2232 759 2282 genas.

208 2294 292 2358 Aptius
304 2296 422 2359 impressis
434 2311 484 2345 erat
494 2314 520 2345 os
532 2297 604 2346 livere
617 2295 708 2345 labellis
720 2331 730 2357 ,

240 2374 272 2422 Et
283 2375 348 2423 eollo
364 2373 445 2424 blandi
456 2373 533 2425 dentis
545 2371 631 2425 habere
641 2390 734 2424 notam.

208 2452 335 2520 Denique,
347 2456 368 2502 si
381 2452 469 2503 tumidi
481 2458 527 2502 ritu
538 2457 649 2503 torrentis
660 2455 765 2518 agebar,

242 2531 359 2599 Caetaque
372 2550 411 2581 me
422 2531 525 2596 praedam
535 2533 623 2580 fecerat
633 2535 668 2580 ira
676 2534 742 2580 suam
752 2549 760 2588 ;

207 2609 296 2662 Nonne
306 2613 360 2659 satis
378 2611 455 2660 fuerat
465 2609 555 2659 timidae
564 2607 702 2658 iuclamaffe
716 2609 819 2675 puellae?
939 2641 970 2685 45

201 2693 203 2697 “
240 2689 292 2737 Nee
306 2687 409 2738 nimirlm
419 2687 506 2754 rigidas
519 2685 647 2738 intonuiffe
665 2691 761 2737 minas?

206 2765 255 2814 Aut
266 2770 371 2816 tunicam
379 2766 473 2816 summai
483 2765 599 2816 deducere
610 2770 710 2831 turpiter
717 2766 760 2816 ord

240 2843 278 2892 Ad
290 2844 411 2895 mediam?
429 2845 514 2894 mediae
527 2862 589 2895 zona
607 2843 697 2894 tulillet
707 2862 788 2911 opem.

206 2924 239 2972 At
248 2941 312 2972 nuuc
329 2925 441 2984 sustinui,
457 2928 529 2990 raptis
540 2942 553 2973 a
564 2924 644 2974 fronte
653 2925 759 2989 capillis,

238 3003 335 3051 Ferreus
350 3006 461 3068 ingenuas
472 3021 550 3069 ungue
560 3020 644 3053 notare
655 3021 734 3069 genas.
942 3023 972 3067 50

205 3081 287 3135 Allicit
297 3081 339 3130 illa
350 3098 430 3131 amens
440 3117 448 3142 ‚
460 3083 533 3142 albo,
549 3087 573 3132 &
587 3086 638 3131 sine
650 3085 779 3148 sanguine,
790 3081 859 3133 vultu
868 3114 880 3142 ,

240 3157 373 3211 Caeduurur
388 3161 461 3211 Pariis
471 3161 551 3227 qualia
562 3165 616 3212 saxa
625 3166 695 3229 jugis.
718 3185 732 3227 '.
