2367 3992
270 453 335 497 112
386 427 429 496 P.
460 428 639 495 Ovrorr
661 430 883 498 NArours

265 553 392 602 Serventur
402 550 482 602 vultur
494 549 524 600 ad
533 551 612 600 nostre
622 549 733 601 incendia
754 555 820 610 nati,

162 688 164 692 ¹
220 649 265 682 reo
299 630 394 695 Quique
408 629 484 678 subest
493 632 565 680 niveo
579 628 646 678 laetus
657 633 682 678 in
697 646 738 679 ore
753 631 835 678 rubor.

265 707 379 758 Hostibus
394 725 407 757 e
423 709 520 772 siquis,
534 723 564 756 ne
575 705 617 756 fiat
629 706 723 762 nostra,
736 721 870 772 repugnat

298 787 337 834 Sic
347 789 394 846 sit,
409 800 448 845 ut,
461 783 568 834 invalidi
579 800 621 845 te,
639 785 700 834 solet
710 783 757 834 effe
766 788 837 835 mihi.

266 861 392 929 Torqueor
403 879 431 911 ex
441 879 526 929 aequo,
536 861 574 913 vel
586 878 609 912 te
620 864 738 918 nubente,
749 864 788 914 vel
799 863 878 928 egri:

298 939 383 989 Dicere
393 955 436 989 nec
446 937 541 1004 polium
551 974 559 999 ,
571 938 630 1006 quid
640 940 719 990 mintls
732 943 782 1005 ipse
791 941 875 990 velim.

220 1017 378 1091 225Maceror
387 1015 528 1077 interdum,
537 1016 605 1083 quod
618 1022 663 1067 rim
673 1020 717 1068 tibi
726 1021 796 1069 causa
808 1016 928 1082 dolendi3
995 1074 997 1079 ,

267 1134 270 1143 .
299 1096 380 1160 Teque
392 1095 446 1146 mei
462 1095 518 1146 laedi
528 1094 660 1146 calliditate
670 1112 739 1162 puto.

265 1175 295 1224 In
319 1190 376 1239 aput
386 1178 436 1224 hec
447 1175 554 1225 nostrum
566 1172 672 1225 domine
681 1177 903 1243 perjuria,quaeso‚

271 1287 272 1291 ,
299 1192 430 1304 ilveniant:
442 1253 515 1319 poenal
527 1269 579 1304 tuta
590 1257 621 1303 sit
631 1254 673 1303 illa
683 1255 746 1303 mei.

269 1331 307 1381 Ne
323 1345 403 1381 tamen
414 1334 538 1396 ignorem,
550 1329 610 1397 quid
619 1348 689 1396 agam
701 1329 732 1381 ad
742 1331 826 1382 limina
835 1333 921 1384 crebrb

222 1422 268 1472 ¹30
302 1410 390 1459 Anxius
402 1412 448 1460 huc
460 1410 519 1459 illuc
529 1408 705 1460 dissimulanter
715 1427 753 1459 eo.

267 1488 402 1553 Subsequor
416 1487 528 1537 ancillam
540 1486 625 1536 furtim
637 1486 802 1547 famulumve,
815 1490 937 1554 requirent
990 1522 993 1532 .

301 1565 437 1615 Profuerint
449 1568 527 1615 somni
539 1562 598 1631 quid
610 1566 670 1624 tibi,
680 1564 768 1632 quidve
779 1566 835 1615 cibi.

267 1643 310 1692 Me
319 1642 445 1691 miserum!
458 1640 526 1710 quod
542 1659 591 1692 non
603 1641 753 1692 medicorum
763 1640 823 1710 juffa
830 1644 939 1695 ministro
946 1678 958 1706 ,

300 1719 441 1786 Effingoque
453 1737 554 1780 manus,
565 1718 705 1787 insideoque
716 1738 779 1772 toro.

222 1798 298 1871 135Et
312 1802 389 1849 rursua
400 1801 525 1849 miserum!
538 1797 620 1865 quod,
632 1816 671 1848 me
682 1800 765 1865 procul
776 1798 835 1850 inde
844 1814 953 1856 remoto,

300 1877 379 1937 Quem
391 1876 489 1926 minime
501 1877 605 1936 vellem,
618 1877 718 1926 forsitan
727 1878 787 1928 alter
797 1877 869 1928 adest.

267 1956 312 2005 llle
327 1956 473 2004 manusistas
488 1953 595 2020 effingit,
609 1959 633 2004 δι
645 1953 732 2004 assidet
741 1972 823 2021 aegrae,

300 2034 390 2102 luvisus
407 2036 514 2099 Superis,
534 2051 589 2082 cum
604 2035 743 2101 Superisque
757 2037 827 2084 mihi.

267 2111 382 2176 Dumque
399 2114 441 2161 suo
452 2127 528 2161 tentat
542 2112 664 2161 salientem
675 2112 763 2177 pollice
773 2130 876 2176 venam,
946 2106 950 2113 ⁸

222 2202 266 2247 ¹40
300 2187 411 2239 Candida
421 2207 462 2254 per
472 2191 566 2238 eausam
577 2190 674 2238 brachia
682 2192 742 2255 sape
754 2207 819 2242 tenet
830 2211 836 2240 :

267 2264 453 2332 Contrectatque
462 2269 525 2315 rinus
536 2301 544 2324 ,
555 2271 579 2315 δι
591 2266 692 2315 forsitan
702 2268 782 2316 oscula
791 2273 881 2333 jungit.

300 2343 388 2394 Officio
403 2363 493 2394 mercer
504 2346 597 2410 plenior
611 2345 653 2395 illa
667 2347 709 2395 suo
719 2346 761 2395 est.

267 2422 328 2484 Quis
338 2424 381 2474 tibi
393 2427 500 2490 permisit
511 2425 600 2474 nostras
614 2440 756 2489 praecerpere
769 2423 870 2475 melles?

300 2499 337 2552 Ad
349 2504 427 2568 sepem
439 2503 534 2552 alterius
545 2506 598 2569 quis
609 2505 654 2552 tibi
666 2503 723 2552 fecit
734 2507 797 2553 iter?

221 2579 309 2638 145lste
324 2584 388 2630 sinus
400 2598 466 2632 meus
477 2582 525 2631 est:
538 2599 591 2631 mea
602 2585 701 2647 turpiter
711 2584 792 2634 oscula
800 2584 882 2634 sumit.

299 2662 320 2708 Α
337 2662 398 2709 mihi
408 2658 523 2726 promisso
539 2677 639 2725 corpore
653 2661 712 2710 tolle
727 2678 820 2711 manue.

266 2737 393 2802 Improbe,
405 2740 465 2790 tolle
475 2757 652 2806 manutrquam
660 2743 752 2806 tangis,
763 2741 843 2790 nostra
850 2739 930 2791 sutura
936 2741 970 2791 est
978 2759 994 2799 t,

300 2816 431 2867 Postmodb
442 2822 461 2867 si
473 2818 544 2867 facias
559 2817 620 2868 istud
630 2851 638 2877 ,
648 2817 741 2868 adulter
751 2823 804 2868 eris.

266 2892 334 2958 Elige
344 2892 374 2942 de
383 2899 477 2949 vacuis,
489 2909 561 2960 quam
570 2912 621 2944 nou
631 2898 675 2944 sibi
683 2895 789 2945 vindicet
800 2895 873 2960 alter:

221 2977 265 3026 ¹50
299 2974 323 3020 si
338 2973 428 3030 nescis,
446 2970 572 3020 domiuum
585 2989 620 3021 rer
630 2975 702 3023 habet
713 2974 755 3022 isia
764 2976 842 3024 suum.

266 3049 318 3102 Nec
332 3051 391 3098 mihi
403 3047 530 3098 credideris
539 3069 545 3097 r
555 3053 666 3099 recitetur
677 3051 781 3100 formula
791 3055 862 3117 pasti.

299 3127 353 3180 Neu
365 3127 448 3178 falsam
456 3126 520 3179 dicas
531 3125 577 3179 effe
584 3162 594 3190 ‚
609 3128 647 3180 sae
656 3131 706 3195 ipsa
712 3129 786 3197 legat.
