<?xml version="1.0" encoding="UTF-8"?>
<!DOCTYPE html PUBLIC "-//W3C//DTD XHTML 1.0 Transitional//EN"
    "http://www.w3.org/TR/xhtml1/DTD/xhtml1-transitional.dtd">
<html xmlns="http://www.w3.org/1999/xhtml" xml:lang="en" lang="en">
 <head>
  <title>
</title>
<meta http-equiv="Content-Type" content="text/html;charset=utf-8" />
  <meta name='ocr-system' content='tesseract 3.04.00' />
  <meta name='ocr-capabilities' content='ocr_page ocr_carea ocr_par ocr_line ocrx_word'/>
</head>
<body>
  <div class='ocr_page' id='page_1' title='image "./povidiinasoniso03ovidgoog_0067.png"; bbox 0 0 2367 3992; ppageno 0'>
   <div class='ocr_carea' id='block_1_1' title="bbox 321 473 896 559">
    <p class='ocr_par' dir='ltr' id='par_1_1' title="bbox 321 473 896 559">
     <span class='ocr_line' id='line_1_1' title="bbox 321 473 896 559; baseline -0.003 -19"><span class='ocrx_word' id='word_1_1' title='bbox 321 475 584 540; x_wconf 72' lang='lat' dir='ltr'>Hunorn&#39;us.</span> <span class='ocrx_word' id='word_1_2' title='bbox 615 473 690 539; x_wconf 79' lang='lat' dir='ltr'>Er.</span> <span class='ocrx_word' id='word_1_3' title='bbox 725 475 768 540; x_wconf 82' lang='lat' dir='ltr'>X.</span> <span class='ocrx_word' id='word_1_4' title='bbox 855 493 896 559; x_wconf 78' lang='lat'>45</span> 
     </span>
    </p>
   </div>
   <div class='ocr_carea' id='block_1_2' title="bbox 137 591 950 895">
    <p class='ocr_par' dir='ltr' id='par_1_2' title="bbox 185 591 950 738">
     <span class='ocr_line' id='line_1_2' title="bbox 185 591 950 661; baseline -0.008 -13"><span class='ocrx_word' id='word_1_5' title='bbox 185 597 283 661; x_wconf 78' lang='lat' dir='ltr'>lamque</span> <span class='ocrx_word' id='word_1_6' title='bbox 293 594 364 654; x_wconf 85' lang='lat' dir='ltr'>vale,</span> <span class='ocrx_word' id='word_1_7' title='bbox 377 594 501 659; x_wconf 83' lang='lat' dir='ltr'>seniorque</span> <span class='ocrx_word' id='word_1_8' title='bbox 514 609 597 658; x_wconf 87' lang='lat' dir='ltr'>pater,</span> <span class='ocrx_word' id='word_1_9' title='bbox 616 609 776 658; x_wconf 83' lang='lat' dir='ltr'>germanaque</span> <span class='ocrx_word' id='word_1_10' title='bbox 790 591 887 656; x_wconf 81' lang='lat' dir='ltr'>Gorge,</span> <span class='ocrx_word' id='word_1_11' title='bbox 908 605 950 655; x_wconf 87' lang='lat'>165</span> 
     </span>
     <span class='ocr_line' id='line_1_3' title="bbox 214 669 771 738; baseline 0 -16"><span class='ocrx_word' id='word_1_12' title='bbox 214 676 245 723; x_wconf 81' lang='lat' dir='ltr'>Et</span> <span class='ocrx_word' id='word_1_13' title='bbox 260 677 357 738; x_wconf 82' lang='lat' dir='ltr'>patria,</span> <span class='ocrx_word' id='word_1_14' title='bbox 374 676 398 721; x_wconf 79' lang='grc' dir='ltr'>δι</span> <span class='ocrx_word' id='word_1_15' title='bbox 415 674 495 736; x_wconf 78' lang='lat' dir='ltr'>patria</span> <span class='ocrx_word' id='word_1_16' title='bbox 516 671 588 720; x_wconf 86' lang='lat' dir='ltr'>frater</span> <span class='ocrx_word' id='word_1_17' title='bbox 603 669 697 720; x_wconf 70' lang='lat' dir='ltr'>adeunte</span> <span class='ocrx_word' id='word_1_18' title='bbox 715 687 771 722; x_wconf 80' lang='lat' dir='ltr'>tuae.</span> 
     </span>
    </p>

    <p class='ocr_par' dir='ltr' id='par_1_3' title="bbox 137 747 800 817">
     <span class='ocr_line' id='line_1_4' title="bbox 137 747 800 817; baseline -0.003 -15"><span class='ocrx_word' id='word_1_19' title='bbox 137 780 141 817; x_wconf 80' lang='lat' dir='ltr'>l</span> <span class='ocrx_word' id='word_1_20' title='bbox 185 752 212 802; x_wconf 83' lang='lat' dir='ltr'>Et</span> <span class='ocrx_word' id='word_1_21' title='bbox 227 768 253 802; x_wconf 90' lang='lat' dir='ltr'>tu</span> <span class='ocrx_word' id='word_1_22' title='bbox 266 787 275 812; x_wconf 80' lang='lat'>‚</span> <span class='ocrx_word' id='word_1_23' title='bbox 292 752 334 799; x_wconf 89' lang='lat' dir='ltr'>lux</span> <span class='ocrx_word' id='word_1_24' title='bbox 345 751 421 799; x_wconf 87' lang='lat' dir='ltr'>oculis</span> <span class='ocrx_word' id='word_1_25' title='bbox 432 747 547 798; x_wconf 81' lang='lat' dir='ltr'>hodierna</span> <span class='ocrx_word' id='word_1_26' title='bbox 558 752 687 797; x_wconf 87' lang='lat' dir='ltr'>novissima</span> <span class='ocrx_word' id='word_1_27' title='bbox 698 750 800 811; x_wconf 88' lang='lat' dir='ltr'>nostris,</span> 
     </span>
    </p>

    <p class='ocr_par' dir='ltr' id='par_1_4' title="bbox 137 826 807 895">
     <span class='ocr_line' id='line_1_5' title="bbox 137 826 807 895; baseline 0 -17"><span class='ocrx_word' id='word_1_28' title='bbox 137 886 139 895; x_wconf 41' lang='grc' dir='ltr'>Ι</span> <span class='ocrx_word' id='word_1_29' title='bbox 214 831 327 895; x_wconf 80' lang='lat' dir='ltr'>Virque,</span> <span class='ocrx_word' id='word_1_30' title='bbox 339 826 381 877; x_wconf 88' lang='lat' dir='ltr'>sed</span> <span class='ocrx_word' id='word_1_31' title='bbox 395 827 411 876; x_wconf 84' lang='grc' dir='ltr'>ὂ</span> <span class='ocrx_word' id='word_1_32' title='bbox 427 829 517 892; x_wconf 77' lang='lat' dir='ltr'>possis!</span> <span class='ocrx_word' id='word_1_33' title='bbox 531 830 556 875; x_wconf 91' lang='lat'><strong>&amp;</strong></span> <span class='ocrx_word' id='word_1_34' title='bbox 569 843 627 892; x_wconf 88' lang='lat' dir='ltr'>puer</span> <span class='ocrx_word' id='word_1_35' title='bbox 637 826 729 890; x_wconf 86' lang='lat' dir='ltr'>Hylle,</span> <span class='ocrx_word' id='word_1_36' title='bbox 743 829 807 878; x_wconf 84' lang='lat' dir='ltr'>vale.</span> 
     </span>
    </p>
   </div>
   <div class='ocr_carea' id='block_1_3' title="bbox 137 912 884 1135">
    <p class='ocr_par' dir='ltr' id='par_1_5' title="bbox 137 912 884 1135">
     <span class='ocr_line' id='line_1_6' title="bbox 137 912 884 1013; baseline 0.003 -11"><span class='ocrx_word' id='word_1_37' title='bbox 137 912 884 1013; x_wconf 41' lang='lat' dir='ltr'>&#39;t——anaasss</span> 
     </span>
     <span class='ocr_line' id='line_1_7' title="bbox 323 1062 749 1135; baseline 0.005 -3"><span class='ocrx_word' id='word_1_38' title='bbox 323 1062 749 1135; x_wconf 68' lang='lat' dir='ltr'>uprsrotrn</span> 
     </span>
    </p>
   </div>
   <div class='ocr_carea' id='block_1_4' title="bbox 256 1203 831 1285">
    <p class='ocr_par' dir='ltr' id='par_1_6' title="bbox 256 1203 831 1285">
     <span class='ocr_line' id='line_1_8' title="bbox 256 1203 831 1285; baseline 0.009 -23"><span class='ocrx_word' id='word_1_39' title='bbox 256 1203 539 1285; x_wconf 65' lang='lat' dir='ltr'>Amanus</span> <span class='ocrx_word' id='word_1_40' title='bbox 590 1205 831 1267; x_wconf 71' lang='lat' dir='ltr'>Tamo.</span> 
     </span>
    </p>
   </div>
   <div class='ocr_carea' id='block_1_5' title="bbox 137 1295 954 3235">
    <p class='ocr_par' dir='ltr' id='par_1_7' title="bbox 185 1295 891 1509">
     <span class='ocr_line' id='line_1_9' title="bbox 185 1295 891 1430; baseline 0.004 -20"><span class='ocrx_word' id='word_1_41' title='bbox 185 1295 348 1416; x_wconf 68' lang='lat' dir='ltr'>Minus</span> <span class='ocrx_word' id='word_1_42' title='bbox 362 1367 442 1415; x_wconf 87' lang='lat' dir='ltr'>inveni</span> <span class='ocrx_word' id='word_1_43' title='bbox 454 1400 462 1424; x_wconf 92' lang='lat'>‚</span> <span class='ocrx_word' id='word_1_44' title='bbox 473 1363 547 1430; x_wconf 70' lang='lat' dir='ltr'>quim</span> <span class='ocrx_word' id='word_1_45' title='bbox 556 1380 596 1424; x_wconf 90' lang='lat' dir='ltr'>te,</span> <span class='ocrx_word' id='word_1_46' title='bbox 609 1380 682 1429; x_wconf 84' lang='lat' dir='ltr'>genus</span> <span class='ocrx_word' id='word_1_47' title='bbox 690 1382 762 1414; x_wconf 85' lang='lat' dir='ltr'>omne</span> <span class='ocrx_word' id='word_1_48' title='bbox 772 1365 891 1416; x_wconf 86' lang='lat' dir='ltr'>serarum:</span> 
     </span>
     <span class='ocr_line' id='line_1_10' title="bbox 217 1441 789 1509; baseline 0.002 -17"><span class='ocrx_word' id='word_1_49' title='bbox 217 1441 321 1492; x_wconf 87' lang='lat' dir='ltr'>Credita</span> <span class='ocrx_word' id='word_1_50' title='bbox 335 1442 458 1497; x_wconf 89' lang='lat' dir='ltr'>nonulli,</span> <span class='ocrx_word' id='word_1_51' title='bbox 473 1442 548 1508; x_wconf 73' lang='lat' dir='ltr'>quim</span> <span class='ocrx_word' id='word_1_52' title='bbox 560 1445 620 1501; x_wconf 91' lang='lat' dir='ltr'>tibi,</span> <span class='ocrx_word' id='word_1_53' title='bbox 637 1449 703 1509; x_wconf 83' lang='lat' dir='ltr'>pejus</span> <span class='ocrx_word' id='word_1_54' title='bbox 716 1461 789 1493; x_wconf 88' lang='lat' dir='ltr'>eram.</span> 
     </span>
    </p>

    <p class='ocr_par' dir='ltr' id='par_1_8' title="bbox 187 1519 814 1584">
     <span class='ocr_line' id='line_1_11' title="bbox 187 1519 814 1584; baseline 0.008 -17"><span class='ocrx_word' id='word_1_55' title='bbox 187 1519 245 1579; x_wconf 82' lang='lat' dir='ltr'>Quae</span> <span class='ocrx_word' id='word_1_56' title='bbox 256 1520 337 1584; x_wconf 82' lang='lat' dir='ltr'>legis,</span> <span class='ocrx_word' id='word_1_57' title='bbox 353 1538 380 1570; x_wconf 89' lang='lat' dir='ltr'>ex</span> <span class='ocrx_word' id='word_1_58' title='bbox 392 1521 436 1570; x_wconf 90' lang='lat' dir='ltr'>illo</span> <span class='ocrx_word' id='word_1_59' title='bbox 446 1555 454 1580; x_wconf 92' lang='lat'>,</span> <span class='ocrx_word' id='word_1_60' title='bbox 463 1522 571 1580; x_wconf 86' lang='lat' dir='ltr'>Theseu,</span> <span class='ocrx_word' id='word_1_61' title='bbox 584 1522 628 1570; x_wconf 80' lang='lat' dir='ltr'>tibi</span> <span class='ocrx_word' id='word_1_62' title='bbox 639 1520 709 1571; x_wconf 88' lang='lat' dir='ltr'>litore</span> <span class='ocrx_word' id='word_1_63' title='bbox 723 1525 796 1572; x_wconf 87' lang='lat' dir='ltr'>mitto</span> <span class='ocrx_word' id='word_1_64' title='bbox 803 1555 814 1584; x_wconf 88' lang='lat'>‚</span> 
     </span>
    </p>

    <p class='ocr_par' dir='ltr' id='par_1_9' title="bbox 218 1597 733 1650">
     <span class='ocr_line' id='line_1_12' title="bbox 218 1597 733 1650; baseline 0.006 -3"><span class='ocrx_word' id='word_1_65' title='bbox 218 1597 290 1648; x_wconf 87' lang='lat' dir='ltr'>Unde</span> <span class='ocrx_word' id='word_1_66' title='bbox 306 1613 373 1648; x_wconf 78' lang='lat' dir='ltr'>tuam</span> <span class='ocrx_word' id='word_1_67' title='bbox 385 1602 434 1648; x_wconf 89' lang='lat' dir='ltr'>sine</span> <span class='ocrx_word' id='word_1_68' title='bbox 445 1616 484 1648; x_wconf 89' lang='lat' dir='ltr'>me</span> <span class='ocrx_word' id='word_1_69' title='bbox 497 1599 550 1649; x_wconf 82' lang='lat' dir='ltr'>vela</span> <span class='ocrx_word' id='word_1_70' title='bbox 560 1598 634 1648; x_wconf 89' lang='lat' dir='ltr'>tulere</span> <span class='ocrx_word' id='word_1_71' title='bbox 644 1614 733 1650; x_wconf 85' lang='lat' dir='ltr'>ratem:</span> 
     </span>
    </p>

    <p class='ocr_par' dir='ltr' id='par_1_10' title="bbox 187 1676 950 1805">
     <span class='ocr_line' id='line_1_13' title="bbox 187 1676 950 1752; baseline 0.01 -28"><span class='ocrx_word' id='word_1_72' title='bbox 187 1676 215 1724; x_wconf 90' lang='lat' dir='ltr'>ln</span> <span class='ocrx_word' id='word_1_73' title='bbox 228 1693 278 1742; x_wconf 92' lang='lat' dir='ltr'>quo</span> <span class='ocrx_word' id='word_1_74' title='bbox 289 1695 330 1726; x_wconf 85' lang='lat' dir='ltr'>rue</span> <span class='ocrx_word' id='word_1_75' title='bbox 343 1679 488 1743; x_wconf 82' lang='lat' dir='ltr'>somnusque</span> <span class='ocrx_word' id='word_1_76' title='bbox 499 1694 565 1727; x_wconf 84' lang='lat' dir='ltr'>meus</span> <span class='ocrx_word' id='word_1_77' title='bbox 580 1677 644 1726; x_wconf 80' lang='lat' dir='ltr'>male</span> <span class='ocrx_word' id='word_1_78' title='bbox 657 1677 781 1743; x_wconf 79' lang='lat' dir='ltr'>prodidit5</span> <span class='ocrx_word' id='word_1_79' title='bbox 793 1684 818 1731; x_wconf 76' lang='grc' dir='ltr'>δι</span> <span class='ocrx_word' id='word_1_80' title='bbox 830 1695 871 1742; x_wconf 86' lang='lat' dir='ltr'>tu,</span> <span class='ocrx_word' id='word_1_81' title='bbox 940 1709 950 1752; x_wconf 87' lang='lat'><em>5</em></span> 
     </span>
     <span class='ocr_line' id='line_1_14' title="bbox 219 1753 684 1805; baseline 0.006 -3"><span class='ocrx_word' id='word_1_82' title='bbox 219 1756 264 1804; x_wconf 89' lang='lat' dir='ltr'>Per</span> <span class='ocrx_word' id='word_1_83' title='bbox 274 1755 367 1805; x_wconf 81' lang='lat' dir='ltr'>facinus</span> <span class='ocrx_word' id='word_1_84' title='bbox 382 1758 472 1805; x_wconf 86' lang='lat' dir='ltr'>somnis</span> <span class='ocrx_word' id='word_1_85' title='bbox 489 1753 600 1804; x_wconf 81' lang='lat' dir='ltr'>insidiate</span> <span class='ocrx_word' id='word_1_86' title='bbox 616 1759 684 1805; x_wconf 84' lang='lat' dir='ltr'>meis.</span> 
     </span>
    </p>

    <p class='ocr_par' dir='ltr' id='par_1_11' title="bbox 137 1833 809 1900">
     <span class='ocr_line' id='line_1_15' title="bbox 137 1833 809 1900; baseline 0.004 -18"><span class='ocrx_word' id='word_1_87' title='bbox 137 1860 139 1872; x_wconf 71' lang='grc' dir='ltr'>ι</span> <span class='ocrx_word' id='word_1_88' title='bbox 187 1833 293 1898; x_wconf 85' lang='lat' dir='ltr'>Tempus</span> <span class='ocrx_word' id='word_1_89' title='bbox 304 1849 371 1894; x_wconf 83' lang='lat' dir='ltr'>erat,</span> <span class='ocrx_word' id='word_1_90' title='bbox 385 1833 461 1884; x_wconf 68' lang='lat' dir='ltr'>vitrei</span> <span class='ocrx_word' id='word_1_91' title='bbox 472 1850 521 1899; x_wconf 91' lang='lat' dir='ltr'>quo</span> <span class='ocrx_word' id='word_1_92' title='bbox 533 1833 638 1899; x_wconf 73' lang='lat' dir='ltr'>primilm</span> <span class='ocrx_word' id='word_1_93' title='bbox 649 1848 710 1883; x_wconf 86' lang='lat' dir='ltr'>terra</span> <span class='ocrx_word' id='word_1_94' title='bbox 724 1836 809 1900; x_wconf 55' lang='lat' dir='ltr'>pruina</span> 
     </span>
    </p>

    <p class='ocr_par' dir='ltr' id='par_1_12' title="bbox 137 1909 801 1978">
     <span class='ocr_line' id='line_1_16' title="bbox 137 1909 801 1978; baseline 0.002 -17"><span class='ocrx_word' id='word_1_95' title='bbox 137 1926 139 1943; x_wconf 86' lang='lat'><strong>¹</strong></span> <span class='ocrx_word' id='word_1_96' title='bbox 218 1915 359 1978; x_wconf 76' lang='lat' dir='ltr'>Spargitur,</span> <span class='ocrx_word' id='word_1_97' title='bbox 376 1917 400 1962; x_wconf 75' lang='grc' dir='ltr'>δι</span> <span class='ocrx_word' id='word_1_98' title='bbox 416 1916 482 1962; x_wconf 67' lang='lat' dir='ltr'>tesia*</span> <span class='ocrx_word' id='word_1_99' title='bbox 499 1909 584 1961; x_wconf 88' lang='lat' dir='ltr'>stonde</span> <span class='ocrx_word' id='word_1_100' title='bbox 595 1928 725 1978; x_wconf 86' lang='lat' dir='ltr'>queruntur</span> <span class='ocrx_word' id='word_1_101' title='bbox 737 1930 801 1962; x_wconf 84' lang='lat' dir='ltr'>aves.</span> 
     </span>
    </p>

    <p class='ocr_par' dir='ltr' id='par_1_13' title="bbox 186 1986 781 2056">
     <span class='ocr_line' id='line_1_17' title="bbox 186 1986 781 2056; baseline -0.002 -17"><span class='ocrx_word' id='word_1_102' title='bbox 186 1991 310 2040; x_wconf 81' lang='lat' dir='ltr'>Incertum</span> <span class='ocrx_word' id='word_1_103' title='bbox 322 1991 440 2056; x_wconf 82' lang='lat' dir='ltr'>vigilans,</span> <span class='ocrx_word' id='word_1_104' title='bbox 453 2008 466 2039; x_wconf 88' lang='lat' dir='ltr'>a</span> <span class='ocrx_word' id='word_1_105' title='bbox 477 1992 562 2039; x_wconf 83' lang='lat' dir='ltr'>somno</span> <span class='ocrx_word' id='word_1_106' title='bbox 572 1986 702 2056; x_wconf 74' lang='lat' dir='ltr'>languida,</span> <span class='ocrx_word' id='word_1_107' title='bbox 714 1994 781 2041; x_wconf 86' lang='lat' dir='ltr'>movi</span> 
     </span>
    </p>

    <p class='ocr_par' dir='ltr' id='par_1_14' title="bbox 218 2070 954 2134">
     <span class='ocr_line' id='line_1_18' title="bbox 218 2070 954 2134; baseline -0.003 -16"><span class='ocrx_word' id='word_1_108' title='bbox 218 2071 314 2118; x_wconf 85' lang='lat' dir='ltr'>Thesea</span> <span class='ocrx_word' id='word_1_109' title='bbox 331 2071 452 2134; x_wconf 83' lang='lat' dir='ltr'>prensuras</span> <span class='ocrx_word' id='word_1_110' title='bbox 467 2070 611 2132; x_wconf 70' lang='lat' dir='ltr'>semisupina</span> <span class='ocrx_word' id='word_1_111' title='bbox 624 2084 718 2118; x_wconf 81' lang='lat' dir='ltr'>manus.</span> <span class='ocrx_word' id='word_1_112' title='bbox 925 2099 954 2130; x_wconf 79' lang='lat'>1⁰</span> 
     </span>
    </p>

    <p class='ocr_par' dir='ltr' id='par_1_15' title="bbox 187 2148 871 2292">
     <span class='ocr_line' id='line_1_19' title="bbox 187 2148 871 2213; baseline -0.003 -14"><span class='ocrx_word' id='word_1_113' title='bbox 187 2148 277 2202; x_wconf 77' lang='lat' dir='ltr'>Nullus</span> <span class='ocrx_word' id='word_1_114' title='bbox 294 2164 357 2196; x_wconf 87' lang='lat' dir='ltr'>erat:</span> <span class='ocrx_word' id='word_1_115' title='bbox 365 2148 490 2213; x_wconf 81' lang='lat' dir='ltr'>referoque</span> <span class='ocrx_word' id='word_1_116' title='bbox 501 2163 584 2195; x_wconf 78' lang='lat' dir='ltr'>manus</span> <span class='ocrx_word' id='word_1_117' title='bbox 598 2181 606 2206; x_wconf 89' lang='lat'>,</span> <span class='ocrx_word' id='word_1_118' title='bbox 618 2148 753 2212; x_wconf 83' lang='lat' dir='ltr'>iterumque</span> <span class='ocrx_word' id='word_1_119' title='bbox 763 2159 871 2207; x_wconf 89' lang='lat' dir='ltr'>retento,</span> 
     </span>
     <span class='ocr_line' id='line_1_20' title="bbox 218 2216 797 2292; baseline 0.002 -16"><span class='ocrx_word' id='word_1_120' title='bbox 218 2229 313 2292; x_wconf 87' lang='lat' dir='ltr'>Perque</span> <span class='ocrx_word' id='word_1_121' title='bbox 326 2242 407 2276; x_wconf 89' lang='lat' dir='ltr'>torum</span> <span class='ocrx_word' id='word_1_122' title='bbox 422 2242 511 2277; x_wconf 84' lang='lat' dir='ltr'>moveo</span> <span class='ocrx_word' id='word_1_123' title='bbox 524 2226 634 2274; x_wconf 81' lang='lat' dir='ltr'>brachia:</span> <span class='ocrx_word' id='word_1_124' title='bbox 644 2225 725 2274; x_wconf 89' lang='lat' dir='ltr'>nullus</span> <span class='ocrx_word' id='word_1_125' title='bbox 738 2216 797 2277; x_wconf 76' lang='lat' dir='ltr'>erat.</span> 
     </span>
    </p>

    <p class='ocr_par' dir='ltr' id='par_1_16' title="bbox 137 2303 790 2454">
     <span class='ocr_line' id='line_1_21' title="bbox 137 2303 790 2369; baseline 0.002 -16"><span class='ocrx_word' id='word_1_126' title='bbox 137 2336 140 2353; x_wconf 83' lang='grc'>,</span> <span class='ocrx_word' id='word_1_127' title='bbox 188 2303 315 2355; x_wconf 68' lang='lat' dir='ltr'>Excussere</span> <span class='ocrx_word' id='word_1_128' title='bbox 330 2320 408 2354; x_wconf 90' lang='lat' dir='ltr'>metus</span> <span class='ocrx_word' id='word_1_129' title='bbox 425 2306 537 2355; x_wconf 86' lang='lat' dir='ltr'>somnum</span> <span class='ocrx_word' id='word_1_130' title='bbox 549 2321 555 2351; x_wconf 77' lang='lat' dir='ltr'>z</span> <span class='ocrx_word' id='word_1_131' title='bbox 567 2307 696 2353; x_wconf 83' lang='lat' dir='ltr'>conterrita</span> <span class='ocrx_word' id='word_1_132' title='bbox 705 2304 790 2369; x_wconf 81' lang='lat' dir='ltr'>surgo:</span> 
     </span>
     <span class='ocr_line' id='line_1_22' title="bbox 219 2378 772 2454; baseline -0.004 -22"><span class='ocrx_word' id='word_1_133' title='bbox 219 2385 382 2448; x_wconf 85' lang='lat' dir='ltr'>Membraque</span> <span class='ocrx_word' id='word_1_134' title='bbox 395 2384 449 2431; x_wconf 88' lang='lat' dir='ltr'>sunt</span> <span class='ocrx_word' id='word_1_135' title='bbox 460 2378 535 2432; x_wconf 81' lang='lat' dir='ltr'>viduo</span> <span class='ocrx_word' id='word_1_136' title='bbox 549 2383 695 2454; x_wconf 75' lang='lat' dir='ltr'>praecipitata</span> <span class='ocrx_word' id='word_1_137' title='bbox 709 2398 772 2431; x_wconf 84' lang='lat' dir='ltr'>toro.</span> 
     </span>
    </p>

    <p class='ocr_par' dir='ltr' id='par_1_17' title="bbox 187 2459 951 2607">
     <span class='ocr_line' id='line_1_23' title="bbox 187 2459 951 2534; baseline 0.003 -25"><span class='ocrx_word' id='word_1_138' title='bbox 187 2462 302 2511; x_wconf 76' lang='lat' dir='ltr'>Protinus</span> <span class='ocrx_word' id='word_1_139' title='bbox 310 2459 418 2511; x_wconf 73' lang='lat' dir='ltr'>adduslis</span> <span class='ocrx_word' id='word_1_140' title='bbox 431 2462 561 2511; x_wconf 84' lang='lat' dir='ltr'>sonuerunt</span> <span class='ocrx_word' id='word_1_141' title='bbox 571 2462 665 2524; x_wconf 65' lang='lat' dir='ltr'>pellere</span> <span class='ocrx_word' id='word_1_142' title='bbox 675 2461 777 2525; x_wconf 84' lang='lat' dir='ltr'>palmis:</span> <span class='ocrx_word' id='word_1_143' title='bbox 915 2471 951 2534; x_wconf 81' lang='lat'>&#39;¹5</span> 
     </span>
     <span class='ocr_line' id='line_1_24' title="bbox 221 2536 861 2607; baseline -0.002 -18"><span class='ocrx_word' id='word_1_144' title='bbox 221 2541 307 2607; x_wconf 88' lang='lat' dir='ltr'>thue</span> <span class='ocrx_word' id='word_1_145' title='bbox 318 2555 392 2590; x_wconf 58' lang='lat' dir='ltr'>erat:</span> <span class='ocrx_word' id='word_1_146' title='bbox 403 2543 488 2589; x_wconf 87' lang='lat' dir='ltr'>somno</span> <span class='ocrx_word' id='word_1_147' title='bbox 500 2536 611 2600; x_wconf 82' lang='lat' dir='ltr'>turbida,</span> <span class='ocrx_word' id='word_1_148' title='bbox 623 2554 691 2604; x_wconf 76' lang='lat' dir='ltr'>rapta</span> <span class='ocrx_word' id='word_1_149' title='bbox 704 2556 776 2589; x_wconf 84' lang='lat' dir='ltr'>corna</span> <span class='ocrx_word' id='word_1_150' title='bbox 786 2539 828 2599; x_wconf 79' lang='lat' dir='ltr'>est.</span> <span class='ocrx_word' id='word_1_151' title='bbox 857 2563 861 2569; x_wconf 93' lang='lat'><em>·</em></span> 
     </span>
    </p>

    <p class='ocr_par' dir='ltr' id='par_1_18' title="bbox 190 2614 823 2683">
     <span class='ocr_line' id='line_1_25' title="bbox 190 2614 823 2683; baseline -0.005 -15"><span class='ocrx_word' id='word_1_152' title='bbox 190 2619 256 2668; x_wconf 77' lang='lat' dir='ltr'>Luna</span> <span class='ocrx_word' id='word_1_153' title='bbox 268 2619 316 2668; x_wconf 90' lang='lat' dir='ltr'>suit</span> <span class='ocrx_word' id='word_1_154' title='bbox 327 2638 333 2666; x_wconf 74' lang='grc' dir='ltr'><strong><em>ε</em></strong></span> <span class='ocrx_word' id='word_1_155' title='bbox 345 2620 437 2683; x_wconf 64' lang='lat' dir='ltr'>specio,</span> <span class='ocrx_word' id='word_1_156' title='bbox 448 2620 467 2666; x_wconf 90' lang='lat' dir='ltr'>si</span> <span class='ocrx_word' id='word_1_157' title='bbox 478 2614 552 2682; x_wconf 87' lang='lat' dir='ltr'>quid,</span> <span class='ocrx_word' id='word_1_158' title='bbox 564 2620 609 2666; x_wconf 85' lang='lat' dir='ltr'>uisi</span> <span class='ocrx_word' id='word_1_159' title='bbox 618 2616 707 2676; x_wconf 88' lang='lat' dir='ltr'>litora,</span> <span class='ocrx_word' id='word_1_160' title='bbox 718 2633 823 2666; x_wconf 80' lang='lat' dir='ltr'>cernam.</span> 
     </span>
    </p>

    <p class='ocr_par' dir='ltr' id='par_1_19' title="bbox 219 2695 766 2757">
     <span class='ocr_line' id='line_1_26' title="bbox 219 2695 766 2757; baseline -0.011 -9"><span class='ocrx_word' id='word_1_161' title='bbox 219 2695 297 2757; x_wconf 89' lang='lat' dir='ltr'>Quod</span> <span class='ocrx_word' id='word_1_162' title='bbox 308 2695 405 2746; x_wconf 83' lang='lat' dir='ltr'>videant</span> <span class='ocrx_word' id='word_1_163' title='bbox 412 2696 492 2749; x_wconf 86' lang='lat' dir='ltr'>oculi,</span> <span class='ocrx_word' id='word_1_164' title='bbox 505 2696 539 2744; x_wconf 88' lang='lat' dir='ltr'>nil</span> <span class='ocrx_word' id='word_1_165' title='bbox 548 2699 595 2744; x_wconf 91' lang='lat' dir='ltr'>nisi</span> <span class='ocrx_word' id='word_1_166' title='bbox 605 2696 766 2753; x_wconf 80' lang='lat' dir='ltr'>litushabent.</span> 
     </span>
    </p>

    <p class='ocr_par' dir='ltr' id='par_1_20' title="bbox 192 2771 904 2917">
     <span class='ocr_line' id='line_1_27' title="bbox 192 2771 904 2837; baseline 0.001 -13"><span class='ocrx_word' id='word_1_167' title='bbox 192 2774 261 2824; x_wconf 83' lang='lat' dir='ltr'>Nunc</span> <span class='ocrx_word' id='word_1_168' title='bbox 268 2777 332 2833; x_wconf 89' lang='lat' dir='ltr'>huc,</span> <span class='ocrx_word' id='word_1_169' title='bbox 341 2790 406 2823; x_wconf 84' lang='lat' dir='ltr'>nuuc</span> <span class='ocrx_word' id='word_1_170' title='bbox 415 2774 491 2826; x_wconf 75' lang='lat' dir='ltr'>illuc,</span> <span class='ocrx_word' id='word_1_171' title='bbox 501 2776 525 2821; x_wconf 77' lang='grc' dir='ltr'>δι</span> <span class='ocrx_word' id='word_1_172' title='bbox 535 2788 650 2837; x_wconf 81' lang='lat' dir='ltr'>unoque,</span> <span class='ocrx_word' id='word_1_173' title='bbox 658 2775 708 2820; x_wconf 84' lang='lat' dir='ltr'>sine</span> <span class='ocrx_word' id='word_1_174' title='bbox 715 2771 812 2828; x_wconf 83' lang='lat' dir='ltr'>ordine,</span> <span class='ocrx_word' id='word_1_175' title='bbox 821 2790 904 2826; x_wconf 87' lang='lat' dir='ltr'>curro:</span> 
     </span>
     <span class='ocr_line' id='line_1_28' title="bbox 221 2838 828 2917; baseline -0.008 -16"><span class='ocrx_word' id='word_1_176' title='bbox 221 2853 278 2901; x_wconf 73' lang='lat' dir='ltr'>Alta</span> <span class='ocrx_word' id='word_1_177' title='bbox 291 2851 410 2917; x_wconf 81' lang='lat' dir='ltr'>puellares</span> <span class='ocrx_word' id='word_1_178' title='bbox 420 2849 498 2900; x_wconf 83' lang='lat' dir='ltr'>tardat</span> <span class='ocrx_word' id='word_1_179' title='bbox 509 2865 579 2898; x_wconf 83' lang='lat' dir='ltr'>arena</span> <span class='ocrx_word' id='word_1_180' title='bbox 588 2847 668 2914; x_wconf 84' lang='lat' dir='ltr'>pedes.</span> <span class='ocrx_word' id='word_1_181' title='bbox 825 2838 828 2844; x_wconf 43' lang='lat'>‘</span> 
     </span>
    </p>

    <p class='ocr_par' dir='ltr' id='par_1_21' title="bbox 193 2929 698 2989">
     <span class='ocr_line' id='line_1_29' title="bbox 193 2929 698 2989; baseline -0.008 -9"><span class='ocrx_word' id='word_1_182' title='bbox 193 2929 282 2980; x_wconf 86' lang='lat' dir='ltr'>Interea</span> <span class='ocrx_word' id='word_1_183' title='bbox 296 2945 353 2979; x_wconf 86' lang='lat' dir='ltr'>toto</span> <span class='ocrx_word' id='word_1_184' title='bbox 366 2929 479 2979; x_wconf 81' lang='lat' dir='ltr'>clamanti</span> <span class='ocrx_word' id='word_1_185' title='bbox 490 2929 575 2987; x_wconf 89' lang='lat' dir='ltr'>litore,</span> <span class='ocrx_word' id='word_1_186' title='bbox 588 2929 698 2989; x_wconf 87' lang='lat' dir='ltr'>Theseu,</span> 
     </span>
    </p>

    <p class='ocr_par' dir='ltr' id='par_1_22' title="bbox 221 3008 740 3059">
     <span class='ocr_line' id='line_1_30' title="bbox 221 3008 740 3059; baseline 0.002 -1"><span class='ocrx_word' id='word_1_187' title='bbox 221 3008 367 3059; x_wconf 78' lang='lat' dir='ltr'>Reddebant</span> <span class='ocrx_word' id='word_1_188' title='bbox 379 3025 469 3057; x_wconf 88' lang='lat' dir='ltr'>nomeu</span> <span class='ocrx_word' id='word_1_189' title='bbox 482 3024 585 3057; x_wconf 84' lang='lat' dir='ltr'>concava</span> <span class='ocrx_word' id='word_1_190' title='bbox 597 3009 650 3057; x_wconf 82' lang='lat' dir='ltr'>saxa</span> <span class='ocrx_word' id='word_1_191' title='bbox 662 3022 740 3059; x_wconf 89' lang='lat' dir='ltr'>tuum.</span> 
     </span>
    </p>

    <p class='ocr_par' dir='ltr' id='par_1_23' title="bbox 194 3085 781 3152">
     <span class='ocr_line' id='line_1_31' title="bbox 194 3085 781 3152; baseline 0.002 -15"><span class='ocrx_word' id='word_1_192' title='bbox 194 3086 221 3137; x_wconf 80' lang='lat' dir='ltr'>Et</span> <span class='ocrx_word' id='word_1_193' title='bbox 232 3091 328 3152; x_wconf 78' lang='lat' dir='ltr'>quoties</span> <span class='ocrx_word' id='word_1_194' title='bbox 341 3103 387 3152; x_wconf 76' lang='lat' dir='ltr'>ego</span> <span class='ocrx_word' id='word_1_195' title='bbox 399 3102 440 3144; x_wconf 90' lang='lat' dir='ltr'>re,</span> <span class='ocrx_word' id='word_1_196' title='bbox 451 3088 521 3134; x_wconf 80' lang='lat' dir='ltr'>toties</span> <span class='ocrx_word' id='word_1_197' title='bbox 531 3085 598 3134; x_wconf 86' lang='lat' dir='ltr'>locus</span> <span class='ocrx_word' id='word_1_198' title='bbox 608 3089 657 3151; x_wconf 88' lang='lat' dir='ltr'>ipse</span> <span class='ocrx_word' id='word_1_199' title='bbox 668 3088 781 3142; x_wconf 78' lang='lat' dir='ltr'>vocabata</span> 
     </span>
    </p>

    <p class='ocr_par' dir='ltr' id='par_1_24' title="bbox 222 3163 770 3235">
     <span class='ocr_line' id='line_1_32' title="bbox 222 3163 770 3235; baseline 0 -19"><span class='ocrx_word' id='word_1_200' title='bbox 222 3166 275 3235; x_wconf 86' lang='lat' dir='ltr'>lpse</span> <span class='ocrx_word' id='word_1_201' title='bbox 286 3166 355 3216; x_wconf 82' lang='lat' dir='ltr'>locus</span> <span class='ocrx_word' id='word_1_202' title='bbox 364 3166 456 3216; x_wconf 74' lang='lat' dir='ltr'>misera</span> <span class='ocrx_word' id='word_1_203' title='bbox 467 3163 527 3214; x_wconf 86' lang='lat' dir='ltr'>serre</span> <span class='ocrx_word' id='word_1_204' title='bbox 537 3164 635 3219; x_wconf 82' lang='lat' dir='ltr'>volebat</span> <span class='ocrx_word' id='word_1_205' title='bbox 649 3183 730 3232; x_wconf 84' lang='lat' dir='ltr'>opem.</span> <span class='ocrx_word' id='word_1_206' title='bbox 768 3225 770 3228; x_wconf 23' lang='lat'>¹</span> 
     </span>
    </p>
   </div>
   <div class='ocr_carea' id='block_1_6' title="bbox 0 0 1197 3992">
    <p class='ocr_par' dir='ltr' id='par_1_25' title="bbox 0 0 1197 3992">
     <span class='ocr_line' id='line_1_33' title="bbox 0 0 1197 3992; baseline 0 0"><span class='ocrx_word' id='word_1_207' title='bbox 0 0 1197 3992; x_wconf 95' lang='lat' dir='ltr'> </span> 
     </span>
    </p>
   </div>
  </div>
 </body>
</html>
