2367 3992
288 438 344 490 nr
364 419 480 491 Atra
499 420 693 490 Arrana]
715 422 753 489 L.
777 424 827 489 ΙΙ.
867 446 930 512 24¹

215 535 280 589 Lesa
298 543 377 591 Venus
387 542 445 607 julia
458 559 523 590 arma
534 558 631 601 movet,
643 541 765 608 telumque
778 545 895 592 remittite

248 617 294 672 Et,
307 617 382 668 model
396 618 461 684 quod
472 621 551 685 questa
561 621 610 680 est,
623 623 671 685 ipse
683 638 781 686 querare
792 655 800 681 ,
811 620 879 671 facit.

214 691 281 767 Dum
293 696 338 746 fuit
350 695 442 746 Atrides
454 698 501 746 und
511 713 654 757 contentus,
670 702 694 747 ὃ(
706 698 749 746 ilia

247 772 318 824 Casta
331 774 394 824 fuit:
406 778 467 823 vitio
479 775 510 823 est
523 775 707 840 improbafaela
717 777 771 824 viri.
938 792 986 838 400

215 849 328 902 Audierat
341 853 482 918 laurumque
493 869 566 902 manu
578 852 697 919 vittaeque
711 852 828 902 ferentem

247 931 293 979 Pro
310 931 366 980 nati
383 931 492 993 Chrysen
504 928 664 981 nonvaluiffe
675 931 726 978 sui.
800 920 804 930 ’

213 1005 345 1063 Audierat,
359 1009 473 1070 Lyrnesi,
490 1025 544 1058 tuos
555 1007 654 1058 abduiia
665 1007 760 1057 dolores
770 1025 779 1066 5

244 1086 359 1151 Bellaque
373 1104 413 1151 pet
428 1103 505 1150 turpes
516 1085 610 1150 iungitis
623 1084 664 1134 isse
678 1103 767 1134 moras.

212 1163 268 1215 Hac
284 1181 367 1213 tamen
385 1162 508 1212 audierat:
522 1163 656 1212 Pri-ameide
672 1160 763 1212 viderat
778 1164 864 1227 ipsam.
930 1178 979 1224 405

245 1244 330 1291 Vitior
340 1258 389 1289 eras
400 1240 484 1305 praedae
496 1239 575 1305 praeda
584 1238 697 1305 pudenda
712 1256 767 1288 tuae.

212 1318 269 1371 inde
282 1317 442 1382 Thyestiaden
454 1319 608 1384 thalamoque
619 1321 748 1383 animoque
759 1322 849 1384 recepit
860 1337 869 1380 ς

243 1399 275 1449 Et
289 1398 353 1448 male
374 1413 511 1463 peccantem
528 1395 646 1460 Tyndaris
660 1397 712 1446 uita
729 1400 818 1446 virum.

210 1477 271 1538 Quae
285 1479 344 1525 bene
356 1476 457 1534 celaris,
472 1478 548 1541 siqua
564 1491 644 1524 tamen
657 1477 706 1524 aeia
717 1476 851 1540 patebunt,

243 1555 288 1604 llla
302 1554 359 1602 lieet
370 1567 465 1618 pateant
476 1587 484 1607 ,
503 1568 528 1601 tu
543 1568 624 1601 tamen
635 1555 708 1618 usque
719 1568 788 1616 nega.
931 1565 980 1608 4¹0

212 1634 277 1684 Tum
292 1648 369 1698 neque
383 1632 517 1694 subJeuus,
534 1631 606 1680 solito
622 1647 666 1680 uec
681 1625 792 1680 blandior
806 1629 864 1682 esto·

244 1712 301 1760 Haec
311 1711 385 1758 animi
401 1709 506 1757 multum
518 1712 585 1773 signa
595 1712 703 1757 nocentis
717 1707 814 1757 habent.

211 1787 256 1838 Sed
268 1787 335 1837 lateri
349 1803 393 1836 nec
404 1803 474 1852 parce
485 1801 527 1835 tuo
539 1806 545 1834 ε
558 1803 603 1851 pax
614 1790 693 1834 omnis
706 1788 731 1833 in
742 1802 791 1833 uno

242 1865 400 1917 Concubitu:
412 1867 478 1930 prior
492 1867 539 1913 hoc
551 1861 680 1912 inficianda
696 1863 786 1910 Venus.

210 1945 289 2004 Sunt,
306 1947 347 2009 qui
357 1945 496 2008 praecipiant
509 1943 608 2000 herbas,
621 1943 739 1997 satureia,
750 1955 864 1991 nocenter
930 1959 977 2009 4¹5

242 2024 354 2070 Sumere:
367 2018 460 2086 iudiciis
475 2020 516 2068 ista
528 2035 619 2070 venena
634 2022 703 2068 meis.

209 2099 257 2150 Aut
268 2103 334 2164 piper
347 2101 427 2147 urticae
440 2096 559 2146 mordacis
573 2099 662 2160 semine
673 2096 787 2157 miscent,

242 2168 358 2243 Tritaque
373 2182 399 2225 in
412 2178 502 2225 annoso
518 2174 579 2224 flava
591 2178 703 2244 pyrethra
717 2192 794 2224 mero.

208 2253 254 2306 Sed
272 2255 324 2304 Dea
341 2271 390 2303 uon
403 2256 492 2318 patitur
505 2255 537 2302 sic
548 2250 578 2302 ad
588 2255 629 2303 sua
640 2244 729 2319 gaudia
740 2257 813 2318 cogi,
886 2306 888 2313 ,

241 2332 315 2384 Colle
326 2333 367 2380 sub
380 2332 492 2381 umbroso
504 2349 577 2399 quarn
588 2332 721 2381 tenetaltus
732 2331 805 2394 Eryx.
926 2341 974 2386 420

209 2409 349 2470 Candidus,
365 2410 478 2459 Alcathoi
487 2414 529 2476 qui
543 2413 647 2459 mittitur
659 2411 715 2458 urbe
731 2398 844 2474 Pelasgi,

238 2491 327 2540 Bulbus
340 2525 348 2549 ,
366 2493 405 2548 &,
418 2505 445 2537 ex
456 2491 528 2544 horto
540 2505 592 2552 quae
603 2489 685 2544 venit,
700 2489 773 2536 herba
782 2486 867 2546 'srlax,

207 2569 306 2634 Ovaque
322 2567 587 2615 sumanturzsumantur
599 2565 723 2637 Hymettia
733 2563 822 2625 mella,

238 2646 350 2710 Quasque
362 2643 418 2692 tulit
429 2642 490 2691 folio
502 2646 571 2708 pinus
589 2645 658 2692 acuta
668 2659 749 2692 nuces.

205 2723 297 2782 Dosta,
311 2720 370 2788 quid
382 2719 412 2769 ad
421 2718 542 2781 medicas,
554 2723 643 2782 Erato,
655 2717 782 2773 deverteris
793 2726 868 2774 artes?
922 2741 969 2789 425

238 2802 341 2851 Interior
352 2815 421 2848 curru
438 2815 502 2848 meta
514 2797 611 2849 terenda
621 2817 677 2848 meo
692 2800 733 2848 est.

206 2878 253 2940 Qui
270 2876 347 2927 morib
357 2876 448 2926 celabas
459 2881 553 2927 monitu
566 2893 607 2927 tua
620 2881 720 2928 crimina
730 2878 824 2937 nostro,

237 2955 255 3004 F
257 2956 314 3004 leike
325 2959 387 3013 iter,
398 2958 422 3024 bt
436 2960 530 3005 monitu
541 2955 625 3022 detege
637 2957 700 3008 furta
708 2976 772 3008 meo.

205 3033 257 3084 Nec
275 3035 358 3085 leuitas
369 3030 487 3098 culpanda
499 3051 553 3084 mea
563 3036 610 3085 est:
623 3054 673 3086 non
688 3035 779 3104 semper
789 3034 876 3089 eodem

238 3110 367 3174 impositos
382 3126 456 3163 vento
471 3110 550 3179 panda
563 3117 644 3164 carina
656 3117 731 3166 vehit.
920 3119 969 3164 430

239 3177 346 3228 Torml.
620 3180 622 3187 '
663 3176 674 3189 ”
803 3179 823 3230 1.
843 3188 847 3196 ·
