2367 3992
350 462 396 524 26
456 447 948 520 RorrmrNAsonrs

347 579 432 636 Vivit,
451 578 484 623 ait
491 592 499 632 3
512 569 672 634 timidumque
684 569 744 616 mihi
754 571 830 632 jurare
844 568 922 628 co'e'gi.

302 671 331 717 30
382 656 428 704 Vix
441 654 500 700 mihi
512 686 519 709 ,
531 649 586 698 teste
599 647 668 705 Deo,
680 643 770 694 credita
780 646 829 692 vita
841 642 932 691 tuaest.

349 733 383 782 Ut
399 733 469 781 rediit
481 731 590 786 animus,
603 741 643 774 tua
654 724 714 773 fassa
725 726 841 788 requirere
852 725 924 787 coepi.

381 811 468 860 Narrat
476 803 600 870 a'e'nipedes
608 804 692 852 Martis
703 799 775 851 arasse
786 803 858 850 boves
867 818 875 859 3

349 890 463 952 Vipereos
473 883 555 933 dentes
565 886 590 930 in
601 884 702 930 humum
714 898 757 944 pro
771 882 859 929 semine
869 881 957 945 Jaslos,

381 967 411 1014 Et
421 967 499 1014 subito
509 978 576 1011 natos
584 977 649 1009 arrna
660 957 739 1008 tuliffe
749 963 812 1009 viros
821 978 828 1020 3

303 1061 329 1105 35
349 1046 487 1109 Terrigenas
499 1039 617 1107 populos,
628 1037 694 1087 civili
708 1039 786 1086 Marte
797 1036 934 1102 peremtos'‚

381 1119 491 1187 implesse
503 1122 577 1168 atatis
587 1117 637 1166 fata
647 1114 732 1165 diurna
742 1118 797 1164 suae.

348 1200 450 1250 Deyislo
465 1200 588 1262 serpente,
600 1199 705 1254 iterum,
718 1197 738 1242 si
747 1197 813 1243 vivat
823 1194 906 1253 lason,
959 1206 961 1214 ⁴

381 1279 514 1339 Quaerimus
526 1294 532 1325 ε
545 1274 663 1323 alternant
673 1274 769 1338 spesque
781 1276 900 1338 timorque
912 1270 995 1322 fident-

349 1356 447 1421 Singula
460 1353 518 1403 dum
528 1367 607 1402 narrat
617 1369 624 1410 3
636 1349 713 1400 studio
724 1353 838 1417 cursuque
851 1349 981 1416 loquendi,

300 1457 333 1501 40
381 1435 480 1498 Detegit
491 1434 587 1496 ingenio
595 1430 694 1479 vulnera
703 1430 763 1478 fana
775 1445 825 1478 tuo.

349 1515 418 1564 Heu!
432 1514 471 1561 ubi
484 1514 550 1577 pasta
562 1507 620 1558 fides
632 1511 641 1556 ?
653 1510 694 1556 ubi
705 1510 935 1576 connubialiajural

384 1593 477 1657 Faxque
496 1590 537 1637 sub
548 1589 639 1636 arsuros
652 1585 747 1651 dignior
758 1588 799 1637 irs
803 1593 888 1654 rogos?

350 1668 407 1718 Non
421 1684 466 1732 ego
481 1668 533 1714 sum
549 1665 614 1714 furto
626 1666 669 1714 tibi
679 1668 775 1730 cognita
788 1685 794 1715 e
806 1668 915 1732 pronuba
924 1668 987 1719 Juno

384 1745 487 1805 Adfuit,
500 1746 602 1794 &sertis
616 1759 724 1809 tempora
737 1748 827 1794 vinstus
841 1747 946 1808 Hymen.

302 1850 331 1894 45
351 1829 382 1876 rlt
392 1828 451 1874 mihi
463 1843 506 1874 nec
519 1825 596 1883 Juno,
608 1841 651 1872 nec
665 1823 775 1885 Hymen,
789 1824 829 1875 sed
837 1826 907 1874 tristis
918 1826 1022 1891 Erinnys

384 1903 491 1952 Praetulit
501 1902 611 1951 infaustas
621 1902 801 1966 sanguinolenta
809 1904 879 1953 faces.

352 1980 418 2041 Quid
433 1985 492 2030 mihi
504 1997 559 2029 cum
571 1981 662 2042 Minyis
671 1983 680 2029 ἓ
689 1979 748 2046 quid
759 1998 814 2030 curn
826 1983 953 2033 Tritonide
963 1988 1037 2051 pinu?

385 2058 451 2119 Quid
462 2061 504 2109 tibi
515 2076 571 2107 cnm
582 2058 672 2122 patriai,
684 2063 764 2108 navita
776 2061 870 2125 Tiphy,
882 2064 954 2113 mei?

352 2137 411 2186 Non
421 2153 470 2186 erat
478 2137 518 2186 hic
530 2141 587 2185 aries
599 2137 659 2184 villo
674 2138 804 2201 spectabilis
816 2156 901 2189 aureo:

308 2229 336 2274 50
387 2215 437 2264 Nec
450 2217 509 2262 senis
521 2214 594 2262 AEetae
606 2216 670 2278 regia
681 2215 784 2264 Lemnos
794 2232 852 2266 erat.

353 2291 426 2342 Certa
436 2292 470 2340 fui
483 2291 578 2357 primo,
589 2290 631 2341 sed
638 2309 677 2341 me
693 2294 757 2343 mala
767 2296 816 2344 fata
827 2298 966 2361 trahebant,

386 2371 486 2434 Hospita
498 2369 601 2418 sentines
612 2371 699 2436 pellere
710 2373 783 2422 castra
793 2391 874 2424 manu.

354 2446 542 2514 Lemniadesque
552 2452 617 2498 viros
627 2449 729 2498 nimitlm
744 2469 840 2518 quoque
851 2457 945 2506 vincere
955 2474 1055 2510 norunt.

360 2583 362 2587 y
388 2526 469 2576 Milite
478 2542 527 2575 tarn
542 2527 600 2577 forti
611 2530 661 2591 ripa
672 2528 759 2578 tuenda
772 2531 826 2580 fuit.

310 2621 336 2667 55
356 2605 421 2655 Urbe
434 2609 513 2654 virum
525 2603 591 2664 vidi,
604 2608 713 2671 tesloque
723 2610 852 2675 animoque
863 2616 956 2678 recepi:

389 2682 436 2733 Hic
449 2686 492 2732 tibi
506 2685 588 2748 bisque
600 2683 678 2741 astas,
695 2685 777 2750 bisque
789 2693 893 2738 cucurrit
905 2693 990 2742 hiems.

358 2764 439 2811 Tertia
450 2765 531 2810 messis
546 2775 611 2819 erat,
623 2760 678 2810 calm
690 2777 732 2817 tu,
744 2761 799 2812 dare
806 2766 860 2814 vela
870 2771 975 2830 massus,

391 2841 495 2904 implesti
508 2840 620 2901 lacrymis
632 2839 688 2889 talia
699 2842 773 2890 verba
781 2846 826 2892 tuis
839 2863 845 2892 ε

359 2917 500 2977 Abstrahor,
512 2917 643 2981 Hypsipyle
654 2936 660 2965 ε
673 2917 727 2978 sed,
739 2917 796 2969 dent
806 2920 882 2972 modd
893 2925 943 2976 fara
953 2932 1058 2980 retrusus

312 2995 343 3034 6⁰
393 2996 436 3044 Vir
451 3012 504 3044 tuus
515 2998 571 3043 hinc
582 2997 656 3055 abeo,
673 2999 710 3046 vir
721 2998 764 3046 tibi
776 3001 867 3066 semper
876 3020 926 3054 ero.

362 3071 435 3134 Quod
445 3088 524 3121 tamen
536 3074 625 3121 euobis
633 3073 729 3138 gravidi
738 3077 827 3126 celatur
835 3083 861 3127 in
870 3081 926 3131 alvo
934 3120 944 3147 ,

394 3153 467 3202 Vivat
477 3169 484 3211 5
499 3156 524 3202 &·
536 3150 642 3217 ejusdem
652 3155 724 3203 simus
734 3170 832 3222 uterque
839 3174 931 3224 parens.
