2367 3992
260 436 330 501 2¹4
397 413 580 484 Ournrr
615 415 852 490 Nasonis

249 539 311 589 Ecce
322 539 458 588 suburbana
469 538 585 604 templum
596 541 719 590 nemorale
733 540 837 605 Dianae,

200 616 248 672 aab
281 619 396 684 Partaque
412 635 453 683 per
463 616 555 682 gladios
563 633 635 683 regna
645 634 747 669 nocente
761 639 847 673 manu.

248 694 293 744 illa
306 694 371 761 quod
384 696 416 744 est
426 698 512 760 virgo,
529 695 598 762 quod
607 696 655 746 tela
668 696 797 763 Cupidinis
807 700 877 764 odltr

279 774 359 823 Multa
374 772 440 823 dedit
449 773 541 840 populo
552 775 652 825 vulnera
662 809 670 835 ‚
682 777 760 826 multa
774 777 852 829 dabit.

245 851 378 911 Hactenus,
391 849 454 901 unde
465 853 528 917 legas
537 851 605 918 quod
617 870 698 914 ames,
713 855 754 904 ubi
764 859 825 907 retia
831 874 917 924 ponas,

276 931 384 993 Praecipit
397 931 527 994 imparibus
535 931 602 980 vetra
611 931 699 981 Thalia
711 937 780 984 rotis.

194 1008 312 1078 265Nunc
328 1010 389 1067 tibi,
400 1023 452 1073 qua
464 1008 555 1072 placuit
566 1044 574 1069 ,
585 1012 683 1075 quassit
695 1009 811 1077 capienda
820 1028 863 1079 per
871 1030 939 1077 arto,

272 1087 359 1136 Dicere
369 1089 493 1151 precipua
505 1087 594 1136 molior
605 1090 661 1137 artis
671 1105 741 1153 opus.

239 1164 352 1232 Quisquis
364 1166 465 1231 ubique,
476 1167 539 1225 viri,
550 1163 640 1214 dociles
651 1165 768 1217 advertite
782 1185 889 1232 menres3

271 1244 436 1310 Pollicitisque
447 1243 543 1303 livens,
554 1244 657 1308 vulgus,
668 1243 745 1294 adeste
757 1250 827 1298 meis.

213 1315 215 1321 ¹
227 1323 316 1375 >Prima
333 1339 378 1373 tuae
389 1326 466 1371 menti
479 1325 559 1373 veniat
569 1320 674 1382 fiducia,
689 1327 785 1372 cunctas

187 1417 235 1460 270
268 1400 336 1453 Poll'e
351 1404 404 1466 capi
416 1420 422 1449 ε
434 1404 526 1464 capies3
543 1415 568 1448 tu
580 1398 656 1450 modb
668 1400 739 1450 tende
747 1401 839 1467 plagas.

234 1481 296 1530 Vere
306 1482 369 1544 prius
382 1479 490 1528 volucres
508 1492 618 1537 taceant,
629 1478 708 1528 restare
717 1477 807 1529 cicade
813 1515 823 1542 ‚

265 1558 390 1608 Maenallus
402 1556 478 1620 lepori
493 1553 535 1604 det
545 1558 586 1604 sua
598 1571 664 1620 terga
678 1559 761 1616 canis3

232 1638 329 1687 Femina
342 1634 418 1702 quim
434 1637 531 1700 juveni,
544 1631 631 1683 blandi
645 1649 736 1684 tentata
748 1669 757 1696 ,
768 1651 892 1702 repugnet.

263 1717 319 1767 Haec
332 1730 444 1781 quoque,
460 1729 532 1779 quam
542 1715 631 1777 poteris
640 1711 735 1761 credere
744 1713 812 1763 nolle
824 1748 832 1775 ‚
844 1715 917 1766 volet.

180 1795 309 1862 e7r⁴thue
319 1795 373 1844 viro
387 1792 474 1841 furtiva
487 1792 586 1850 Venus,
599 1794 632 1839 sic
639 1806 705 1855 grata
715 1790 802 1857 puella
814 1809 821 1841 ε

261 1875 305 1925 Vir
319 1871 382 1922 male
397 1869 546 1929 dissimulat,
562 1869 644 1918 tediirls
660 1868 703 1917 illa
718 1872 794 1935 cupit.

227 1952 366 2005 Conveniat
381 1951 485 1999 maribus
497 1984 505 2008 ,
521 1963 634 2012 nequam
646 1962 689 1996 nos
701 1963 756 1996 ante
767 1964 897 2014 rogemusr

258 2033 357 2080 Femina
367 2033 416 2095 jam
426 2043 502 2094 partes
514 2028 575 2076 vina
584 2026 689 2090 rogantis
700 2039 763 2089 agat.

223 2109 342 2159 Mollibus
352 2110 377 2156 in
388 2109 460 2171 pratis
472 2103 581 2166 admugit
591 2104 681 2152 femina
691 2117 760 2151 tauro
771 2119 780 2152 e

175 2185 222 2234 280
256 2187 353 2234 femina
363 2180 487 2247 cornipedi
498 2181 589 2246 semper
600 2179 711 2229 adhinnit
725 2196 799 2246 equo.

223 2266 316 2314 Fortior
329 2265 355 2310 in
368 2261 438 2309 nobis
449 2293 457 2319 ‚
467 2275 511 2308 nec
526 2273 576 2307 tam
586 2258 674 2308 furiosa
685 2256 763 2308 libido
774 2277 782 2308 ε

254 2342 400 2406 Legitimum
412 2335 485 2386 finem
495 2335 594 2386 flamma
601 2336 676 2386 virilis
686 2336 768 2386 habet.
852 2343 857 2350 ’

219 2417 321 2482 Byblida
332 2414 392 2483 quid
403 2415 504 2465 referam
516 2448 525 2475 ,
536 2418 614 2464 vetito
625 2430 678 2480 quae
689 2413 769 2463 fratris
779 2429 864 2466 amore

252 2498 331 2555 Arsit3
348 2498 372 2544 &
383 2494 415 2543 eil
426 2495 513 2559 laqueo
529 2493 623 2542 fortiter
639 2493 690 2541 ulta
706 2491 793 2542 nefas?

169 2569 213 2633 ²35
218 2575 317 2638 Myrrha
327 2589 418 2640 patrem
428 2608 437 2633 ‚
454 2570 554 2621 sednon
572 2589 621 2637 quo
633 2570 683 2619 lilia
695 2569 767 2620 debet
777 2606 787 2632 ,
797 2574 901 2627 amavita

249 2652 279 2701 Et
296 2667 359 2700 nunc
372 2649 476 2700 obdubio
489 2653 578 2698 corrice
590 2646 667 2714 preffa
677 2648 745 2699 latet.

214 2729 282 2778 Illius
302 2732 327 2777 bt
341 2729 470 2791 lacrymis,
483 2743 541 2793 quas
552 2728 636 2776 arbore
645 2726 726 2776 fundit
737 2726 814 2779 odori
821 2763 831 2786 ‚

246 2806 384 2870 ungimur,
399 2810 424 2856 bt
435 2804 540 2855 dominre
552 2809 650 2854 nomina
663 2822 731 2870 gutta
746 2822 820 2858 reuet.

211 2883 281 2933 forte
298 2885 340 2931 sub
352 2883 469 2932 umbrosis
479 2885 611 2932 nemorose
621 2884 730 2933 vallibus¹
739 2883 787 2935 lde

163 2978 210 3028 ²90
244 2950 385 3020 Candidus,
399 2963 501 3008 armenti
514 2958 611 3023 gloria,
624 2976 703 3010 taurus
718 2980 767 3014 erar
777 2982 790 3024 3·

209 3043 318 3106 Signatus
330 3041 394 3089 renui
410 3035 490 3088 media
499 3041 561 3087 inter
573 3055 662 3088 cornua
676 3045 744 3106 nigro
756 3060 764 3092 s

240 3118 294 3168 Una
311 3118 357 3168 fuit
366 3118 430 3170 labes
444 3151 453 3180 ,
466 3132 544 3169 cetera
555 3117 620 3168 labiis
631 3135 706 3169 erant.
