2367 3992
296 529 319 587 6
405 522 449 591 P.
473 524 653 590 Ournrr
682 525 906 589 NAsosrrs

247 659 273 705 ις
294 641 476 708 Demophoon,
491 646 567 692 ventis
582 649 607 693 bt
619 644 691 693 verba
705 647 730 692 δι
743 643 796 691 vela
808 640 892 691 dedisti
905 658 911 688 ε

326 721 387 770 Vela
404 738 489 787 queror
507 719 602 780 reditu,
618 721 691 771 verba
702 737 779 769 carere
790 717 847 768 fide.

292 798 340 847 Dic
358 800 418 846 mihi
429 817 437 857 3
448 795 508 864 quid
517 798 579 857 feci,
598 800 643 846 nisi
653 815 703 846 non
714 800 828 861 sapienter
839 796 935 845 amavi?

326 869 435 920 Crimine
452 886 474 919 te
486 874 554 936 potui
566 868 706 919 demeruisse
717 888 782 919 meo.

292 946 375 996 Unum
393 950 419 995 in
436 965 475 997 me
491 948 565 996 scelus
577 948 624 1006 est,
637 946 704 1014 quod
715 963 753 1007 te,
772 947 898 1005 scelerate,
910 949 1001 1010 recepi:

248 1036 276 1081 3⁰
326 1025 372 1075 Sed
384 1027 458 1075 scelus
469 1029 516 1076 hoe
529 1029 608 1075 meriti
620 1024 714 1092 pondus
728 1030 753 1075 bt
770 1026 839 1074 instar
849 1026 928 1074 habet.

292 1105 364 1163 Jura,
376 1103 435 1153 fides
447 1140 455 1164 ,
469 1106 509 1153 ubi
525 1121 605 1166 nuuc,
618 1102 790 1171 commissaque
801 1103 897 1154 dextera
909 1101 1012 1152 dextrae?

327 1181 421 1247 Quique
435 1186 520 1231 eratin
532 1183 593 1231 falso
603 1182 718 1246 plurimus
730 1200 770 1231 ore
784 1182 865 1230 Deus?

293 1256 423 1309 Promissus
442 1263 519 1309 socios
531 1262 571 1308 ubi
582 1277 646 1309 nunc
659 1261 803 1323 Hymenaeus
820 1264 846 1308 in
857 1275 946 1320 annos,

327 1337 375 1396 Qui
393 1340 453 1386 mihi
470 1341 576 1403 conjtrgii
587 1339 685 1402 sponsor
696 1341 720 1386 δι’
732 1340 798 1386 obses
816 1341 881 1385 erat?

248 1427 273 1474 35
294 1417 338 1466 Per
348 1432 412 1464 mare
418 1451 426 1476 ,
440 1413 507 1482 quod
519 1430 599 1464 totum
614 1419 691 1465 ventis
703 1418 804 1480 agitatur
818 1419 841 1463 ὃς
853 1412 938 1474 undis,

327 1495 370 1543 Per
387 1494 454 1561 quod
465 1498 524 1560 saepe
535 1499 608 1555 ieras,
621 1513 662 1560 per
673 1494 739 1562 quod
752 1499 827 1544 iturus
839 1512 903 1554 eras,

293 1574 385 1639 Perque
400 1589 468 1624 tuum
484 1579 544 1625 mihi
557 1577 652 1642 jurasti,
666 1580 712 1626 nisi
728 1574 794 1626 fliius
811 1579 835 1624 &
846 1575 888 1623 iile
900 1575 947 1628 est,

328 1651 434 1702 Concita
445 1658 486 1719 qui
497 1659 574 1705 ventis
584 1673 681 1721 aequora
692 1655 800 1714 mulcet,
812 1671 898 1703 avum:

281 1730 338 1779 -Per
353 1731 490 1792 Venerem,
505 1736 655 1799 nimiumque
672 1736 733 1782 mihi
746 1733 856 1781 facientia
870 1730 931 1792 tela,

245 1832 277 1874 40
327 1805 408 1854 Altera
425 1807 471 1855 tela
484 1824 570 1866 arcus,
588 1807 662 1857 altera
675 1808 722 1857 tela
740 1807 817 1856 feces:

294 1887 480 1952 Junonemque,
500 1890 557 1935 toris
569 1903 622 1952 quae
635 1885 744 1952 praesidet
754 1885 818 1935 alma
830 1885 920 1935 meritis
932 1918 940 1946 ,

327 1961 358 2010 Et
376 1978 416 2027 per
428 1960 541 2012 taedisetae
558 1963 658 2024 mystica
669 1963 733 2010 sacra
744 1961 811 2009 Deae.

296 2043 320 2090 Si
334 2039 364 2090 de
377 2056 414 2091 tot
429 2042 489 2091 iaesis
500 2045 539 2092 sus
550 2047 651 2092 numina
661 2044 759 2108 quisque
771 2041 880 2090 Deorum

328 2116 459 2180 Vindicet,
472 2123 497 2168 in
507 2137 589 2185 pennas
599 2137 649 2168 non
663 2122 718 2168 satis
730 2136 789 2168 unus
801 2121 854 2167 eris.

247 2209 276 2255 45
297 2193 328 2242 At
349 2195 436 2244 laceras
450 2200 521 2246 etium
535 2213 624 2262 puppes
637 2196 725 2245 furiosa
735 2195 826 2244 reseti:

329 2272 382 2331 Ut,
398 2274 446 2340 qui
459 2273 590 2334 desereret,
608 2273 678 2323 firma
688 2277 767 2322 catina
779 2272 851 2322 foret.

296 2352 481 2420 Remigiumque
497 2350 570 2412 dedi,
583 2369 632 2417 quo
643 2369 681 2400 me
694 2351 811 2415 fugiturus
822 2353 906 2399 abires·

329 2429 397 2478 Heu!
420 2434 498 2494 patior
514 2429 566 2478 telis
580 2428 680 2478 vulnera
694 2427 755 2476 sassa
767 2430 834 2474 meis.

297 2501 452 2553 Credidimus
464 2502 574 2562 blandis,
588 2520 691 2569 quorum
702 2504 746 2550 tibi
758 2505 841 2565 copia,
852 2499 929 2549 verbis
940 2519 946 2548 t

250 2586 280 2635 5⁰
330 2574 484 2626 Credidimus
502 2580 581 2641 generi
597 2576 782 2640 nominibusque
795 2576 850 2622 tuis.

298 2651 452 2703 Credidimus
460 2653 570 2715 lacrymis
580 2671 585 2699 ε
595 2670 624 2701 an
633 2656 657 2701 δι
667 2655 703 2700 hae
714 2651 825 2700 simulare
837 2649 953 2700 dotentur
964 2655 973 2701 ἓ

331 2731 374 2780 Hae
391 2750 487 2798 quoque
505 2733 594 2780 habent
604 2747 664 2780 artes
676 2767 684 2793 ‚
703 2729 797 2796 quique
809 2730 937 2794 jubentur,
949 2746 1016 2781 eunt.

297 2810 343 2860 Dis
357 2829 453 2877 quoque
464 2809 678 2876 credidimuszqub
689 2815 738 2875 jam
749 2825 787 2858 tot
797 2812 898 2874 pignora
909 2811 992 2858 nobis?

331 2890 399 2937 Patre
411 2892 465 2937 satis
477 2891 545 2952 potui
560 2888 668 2952 qnalibet
680 2885 736 2935 inde
751 2891 812 2951 capi.
845 2921 849 2927 -

254 2981 279 3028 55
299 2965 351 3016 Nec
363 2982 479 3024 moveor,
495 2962 561 3029 quod
580 2979 603 3012 te
617 2966 667 3028 juvi
682 2978 800 3028 portuque
817 2963 936 3030 iocoque:

333 3045 423 3093 Debuit
435 3046 482 3092 hoc
496 3045 574 3093 meriti
590 3044 682 3090 summa
693 3040 761 3089 fuisse
773 3045 829 3089 mei.

301 3123 414 3186 Turpiter
424 3123 555 3186 hospitium
570 3120 631 3169 leno
642 3116 770 3167 cumulasse
782 3120 856 3184 jugali

335 3201 438 3250 Pernitet
447 3235 456 3264 ,
475 3203 500 3250 ἃ
511 3197 579 3249 lateri
590 3193 731 3248 conseruisse
744 3196 812 3246 larus.
