2367 3992
335 492 610 577 ¹susurremus.
645 484 719 552 Er.
752 486 823 553 VI.
905 508 949 568 29

223 608 298 661 Hanc
311 624 411 670 tamen,
423 608 439 658 ὂ
451 608 565 667 demens,
576 606 725 671 Colchisque
736 604 814 654 ablate
821 607 916 656 venenis
926 638 935 661 ,

166 675 181 695 ⁸
257 691 355 738 Diceris
371 687 509 753 Hypsipylae
519 681 669 750 praeposuiffe
680 699 745 732 toro.

223 767 342 832 Turpiter
352 767 396 816 illa
405 769 485 815 virum
497 767 612 829 cognovit
620 761 727 812 adultera
737 765 808 828 virgo
817 780 825 812 e
915 764 919 772 '

258 845 303 895 Me
321 847 380 901 tibi,
394 860 465 911 teque
476 846 537 892 mihi
549 840 610 890 teria
619 840 707 907 pudica
716 839 793 891 dedit.

222 921 337 972 Prodidit
354 923 397 972 illa
409 938 517 988 patrem,
530 923 597 984 rapui
607 910 637 969 (le
648 918 712 969 caede
721 919 851 970 Thoantae
951 938 995 989 ¹35

254 1002 369 1057 Deseruit
380 1000 507 1059 Colchos,
522 1016 561 1048 me
573 1016 627 1047 mea
638 999 743 1048 Lemnos
758 1001 839 1048 habet.

221 1074 291 1139 Quid
300 1078 391 1138 refert,
402 1077 514 1127 scelerata
521 1080 585 1142 piam
597 1079 617 1125 si
626 1079 716 1138 vincit,
730 1082 754 1127 δε
765 1080 818 1144 ipso

253 1156 367 1206 Crimine
379 1153 463 1205 dotata
476 1155 525 1215 est,
542 1159 690 1220 emeruitque
699 1159 797 1206 virum?

219 1228 383 1283 Lemniadum
393 1233 483 1283 facinus
495 1232 580 1297 culpo,
592 1249 642 1281 uon
650 1236 724 1282 miror
734 1268 742 1293 ‚
752 1233 830 1284 lason.

253 1312 397 1373 Quamlibet
407 1314 472 1360 iratis
482 1312 531 1377 ipse
546 1308 589 1359 dat
602 1321 669 1359 arma
678 1309 758 1360 dolor.
946 1323 993 1370 140

218 1390 267 1439 Dic
279 1407 323 1456 age
333 1426 341 1451 ,
353 1392 475 1450 eluentis,
486 1404 513 1438 ut
523 1387 647 1454 oportuit,
658 1391 721 1457 eiius
732 1392 820 1455 iniquis

250 1465 363 1518 Intrasses
375 1483 475 1533 portus,
489 1482 562 1534 tuque
578 1469 720 1533 comesque,
732 1483 815 1517 meost

218 1546 346 1613 Obviaque
362 1541 474 1606 exiffem,
487 1545 538 1594 fetu
550 1548 665 1598 comitata
673 1545 794 1610 gemellos

249 1626 366 1689 (Hiscere
376 1641 463 1690 nempe
471 1625 516 1674 tibi
527 1640 588 1674 terra
600 1623 705 1690 rogando
715 1625 795 1692 soret)

216 1703 274 1765 Quo
288 1704 358 1754 vultu
370 1720 456 1764 natos,
470 1720 519 1771 quo
529 1721 583 1764 me,
599 1704 709 1753 scelerate
719 1702 828 1754 videres?
944 1709 986 1756 ¹45

246 1781 359 1833 Perfidiae
369 1783 460 1848 pretio,
474 1798 521 1847 qua
531 1797 588 1830 nece
599 1779 684 1846 dignus
695 1784 761 1830 erasi

214 1861 268 1927 lpse
280 1858 381 1927 quidem
395 1878 437 1925 per
452 1878 490 1909 me
501 1874 564 1910 tutus
573 1860 698 1925 sospesque
707 1858 802 1908 fuisses:

246 1938 379 2004 Nonquia
389 1955 415 1988 tu
426 1936 527 2004 dignus,
539 1936 579 1986 sed
589 1941 647 2003 quia
657 1939 722 1985 mitis
734 1953 788 2001 ego.

210 2017 311 2067 Pellicis
322 2019 372 2082 ipsa
383 2033 449 2067 meos
461 2011 596 2081 implessem
609 2016 722 2079 sanguine
732 2013 828 2076 vultus,

245 2094 363 2162 Quosque
372 2094 493 2147 veneficiis
504 2093 600 2144 abstulit
610 2092 653 2142 illa
666 2095 722 2142 suis.
940 2109 985 2156 ¹50

209 2169 308 2222 Mede:
319 2171 406 2223 Media
417 2172 510 2223 forem!
524 2170 591 2239 quod
601 2174 619 2220 si
631 2169 689 2236 quid
699 2172 730 2221 ab
743 2170 793 2222 alto

213 2273 230 2295 ο
243 2249 323 2299 Julius
333 2249 389 2301 ades
401 2254 463 2301 votis
472 2286 481 2312 ,
493 2250 600 2316 luppiter
610 2252 659 2315 ipse
669 2254 744 2310 meis3

209 2326 288 2389 Quod
294 2333 371 2394 gemit
381 2328 531 2395 Hypsipyle,
542 2329 596 2377 leui
608 2343 704 2394 quoque
715 2330 821 2380 subnuba
832 2332 905 2382 nostri

243 2408 363 2468 Marcet,
377 2412 402 2458 δι
414 2407 476 2474 leges
487 2409 575 2457 sanciat
589 2409 640 2472 ipsa
651 2409 710 2457 suas.

208 2485 293 2551 thue
305 2503 350 2550 ego
362 2485 475 2536 destituor
490 2491 578 2551 coniux
588 2501 711 2552 materque
722 2483 843 2546 duorum,
937 2509 977 2553 ¹55

242 2566 265 2612 Α
277 2562 381 2614 totidem
391 2567 451 2613 natis
461 2565 520 2612 orba
531 2567 575 2624 sit,
587 2579 658 2630 atque
673 2566 734 2613 viro.

207 2640 263 2690 Nec
275 2641 338 2689 male
347 2656 414 2706 parta
424 2639 464 2690 diu
476 2656 568 2700 teneam
580 2643 692 2707 pejusque
704 2641 832 2706 relinquat.

240 2719 353 2778 Exsulet‚
370 2723 395 2768 &
407 2735 459 2768 toto
471 2734 560 2784 quaerat
568 2721 595 2766 in
605 2720 663 2768 orbe
674 2718 766 2783 fugam.

205 2794 293 2856 Quim
308 2796 375 2845 fratri
393 2812 505 2862 germana
517 2795 563 2844 fuit
574 2830 582 2856 ‚
595 2797 729 2860 miseroque
740 2799 831 2860 parenti

239 2873 320 2933 Filia,
334 2889 383 2923 tam
397 2876 476 2934 natis,
489 2888 538 2924 tam
550 2876 581 2923 sit
590 2873 675 2922 acerba
683 2875 745 2923 viro.
932 2886 976 2924 ιω

205 2952 275 3004 Cum
286 2968 368 3011 mare,
380 2951 436 3002 ciim
448 2967 520 3003 terras
530 2953 699 3011 consumserit,
711 2958 763 3002 a'e'ra
774 2968 867 3017 tentete·

239 3031 311 3078 Erret
322 3033 392 3093 inops
402 3064 410 3089 ,
423 3032 502 3095 exspes
511 3065 519 3089 ‚
531 3028 596 3080 caede
606 3044 704 3080 eruenta
713 3033 762 3081 sua.

202 3109 264 3160 Haec
275 3123 320 3172 ego
336 3111 449 3173 conjugio
461 3106 570 3157 fraudata
579 3109 711 3158 Thoantias
725 3128 784 3161 oros

240 3186 322 3236 Vivite
332 3182 440 3250 devoto,
451 3200 571 3253 nuptaque
581 3188 679 3254 virque,
692 3201 778 3304 toro.B
791 3255 805 3268 ..

789 3269 817 3320 up
