2367 3992
297 469 568 537 Hunornan.
591 467 667 536 Er.
691 470 775 539 XV.
850 491 904 558 71·

180 590 219 639 Tu
229 604 328 655 quoque
339 604 392 654 quae
399 603 492 638 montet
504 588 623 651 celebras,
633 591 749 654 Erycina,
757 593 865 652 Sicanos,
901 584 905 591 ’

212 669 278 718 Nam
290 669 407 727 maium,
421 669 471 717 vati
480 667 595 728 consule,
609 669 687 728 Diva,
705 682 760 719 tun.

181 748 216 796 rin
225 749 305 810 gravis
314 747 438 809 inceptum
447 748 539 810 peragit
551 745 647 796 fortuna
657 762 766 797 tenorem
777 751 787 797 i

213 825 244 873 Et
260 838 344 873 manet
359 826 463 872 incursu
474 826 566 889 semper
576 827 660 875 acerba
670 828 730 875 suo?
918 826 949 864 ⁶⁰

182 904 224 950 Sex
236 903 299 951 mihi
314 902 405 951 natales
416 905 509 962 ierant,
520 903 575 952 ctlm
588 903 646 953 lesta
656 908 760 969 parentia

213 979 276 1030 Ante
287 979 353 1030 diem
363 980 480 1044 lacrymas
487 977 623 1031 ossabibire
631 998 704 1032 meas.

183 1059 244 1108 Arsit
255 1062 327 1124 inops
341 1058 432 1118 stater,
448 1073 530 1124 captus
545 1063 680 1109 meretricie
689 1077 786 1112 amore:

214 1136 341 1202 Mixtaque
356 1152 413 1186 cum
424 1140 487 1200 turpi
496 1134 584 1186 damna
594 1137 686 1202 pudore
696 1138 761 1189 tulit.
862 1199 864 1203 Ι

185 1213 265 1263 fadus
280 1217 351 1279 inops
362 1213 421 1278 agili
434 1218 526 1278 peragit
536 1214 598 1263 freta
607 1204 696 1264 caemla'
702 1232 789 1275 rem03
831 1250 833 1254 .
920 1217 935 1254 ⁶
939 1223 948 1269 5

217 1292 330 1358 Quasque
343 1292 407 1340 male
417 1294 513 1350 amisit3
523 1308 587 1340 nunc
597 1292 661 1341 male
669 1296 754 1358 quaerit
763 1309 828 1357 opes.

186 1369 226 1419 Me
236 1386 349 1436 quoque,
361 1368 428 1436 quod
437 1373 522 1419 monui
531 1373 590 1419 bene
601 1369 679 1420 multa
688 1369 807 1433 fideliter,
816 1369 881 1425 odit:

217 1449 271 1498 Hoc
282 1451 344 1497 mihi
357 1449 452 1497 libertas
463 1483 472 1509 ,
483 1450 530 1497 hoc
541 1452 581 1513 pia
591 1448 673 1513 lingua
683 1447 760 1498 dedit.

186 1526 216 1576 Et
228 1541 346 1592 tanquam
356 1524 450 1587 desint,
460 1542 512 1592 quae
522 1543 561 1574 me
571 1529 621 1575 sine
629 1525 677 1575 fine
688 1526 806 1592 fatigent.

216 1604 363 1654 Accumulat
372 1620 438 1654 curas
450 1603 500 1653 filia
510 1621 581 1669 parva
591 1621 655 1654 meas
668 1623 675 1653 :
921 1625 952 1670 70

187 1681 281 1737 Ultima
290 1697 318 1732 tu
328 1683 413 1732 nostris
423 1680 514 1732 accedis
521 1684 590 1731 causa
601 1681 711 1746 querelis.

218 1759 278 1810 Non
287 1763 366 1826 agitur
376 1775 449 1810 vento
458 1760 536 1810 nostra
547 1763 627 1808 carina
637 1761 689 1808 suo.

187 1837 262 1900 Ecce,
279 1843 360 1904 lacent
370 1838 437 1887 collo
447 1841 518 1903 sparsi
527 1841 576 1887 sine
587 1837 640 1901 lege
650 1835 748 1900 capillia
784 1893 786 1898 ,

219 1916 272 1965 Nec
287 1919 378 1981 premit
388 1915 500 1964 articulos
511 1913 591 1964 lucida
601 1930 698 1979 gemma
706 1929 783 1962 meos.

187 1994 257 2046 veste
268 2008 338 2059 tegor
348 1993 391 2044 vili
403 2012 410 2042 ι
422 1993 517 2043 nullum
528 1994 596 2042 estin
608 1993 715 2040 crirubus'
722 2007 806 2040 aurum
817 2008 825 2040 t
924 1999 953 2044 75

220 2072 282 2122 Non
294 2072 374 2121 Arabo
386 2072 465 2121 noster
472 2087 525 2120 rore
535 2068 634 2135 capillus
642 2067 701 2117 olet.

187 2149 239 2202 Cui
249 2149 317 2200 colar
326 2148 410 2198 infelix
421 2152 431 2198 i
444 2162 485 2197 aut
495 2150 533 2196 cui
544 2144 656 2212 placuiffe
667 2145 793 2195 laborent
861 2209 865 2218 Ι

222 2228 267 2276 Ille
282 2229 332 2276 mei
343 2227 420 2276 cultus
431 2230 514 2276 unicus
523 2228 605 2275 audior
615 2225 686 2273 abeli.

189 2305 361 2357 Mollemeum
374 2305 463 2354 levibus
473 2320 514 2354 cor
520 2304 554 2353 est
563 2302 677 2354 violabile
688 2302 740 2352 telis
751 2322 759 2350 e

223 2384 256 2433 Et
268 2385 358 2448 semper
369 2382 493 2442 causaest,
505 2399 546 2430 cut
553 2398 599 2446 ego
609 2382 700 2445 semper
710 2396 799 2429 amem.

191 2464 246 2513 Sive
262 2465 297 2510 ita
307 2463 411 2510 nascenti
419 2460 497 2525 legem
507 2459 586 2509 dixere
595 2461 690 2508 Sorores
699 2475 708 2517 ς

225 2540 280 2589 Nec
293 2538 350 2589 data
359 2541 413 2589 sunt
421 2542 476 2589 vita
488 2537 529 2587 fila
539 2540 619 2587 severa
628 2552 700 2585 mea:

193 2619 248 2668 Sive
259 2617 348 2666 abtum
358 2615 434 2666 studia
444 2619 469 2665 in
479 2633 573 2675 mores,
584 2630 692 2680 artesque
703 2610 838 2676 magistrae;

226 2694 354 2759 ingenium
369 2696 439 2743 uobis
453 2693 528 2744 molle
538 2693 627 2742 Thalia
639 2693 707 2741 facit.

193 2770 262 2832 Quid
277 2775 384 2832 mirum,
399 2775 481 2838 primae
495 2775 515 2820 si
528 2789 566 2821 me
577 2771 694 2835 lanuginis
702 2783 758 2818 aetas
928 2758 956 2821 ⁸5

227 2848 351 2911 Abstulit,
365 2868 436 2917 atque
447 2853 520 2909 anni,
535 2866 595 2915 quos
605 2853 642 2898 vir
652 2863 730 2897 amare
740 2843 817 2910 potest
827 2846 837 2893 Ξ

196 2927 268 2978 Hunc
279 2945 309 2977 ne
321 2945 365 2992 pro
377 2927 487 2994 Cephalo
499 2945 606 2992 raperes,
618 2928 708 2981 Aurora
718 2960 726 2985 ,
739 2925 862 2974 timebam.

228 3006 262 3054 Et
273 3004 361 3054 faceres
378 3025 384 3054 ε
400 3005 440 3054 sed
451 3021 474 3055 te
486 3008 562 3072 prima
571 3010 654 3071 rapina
665 3018 737 3054 tenet.

197 3083 271 3132 Hunc
283 3086 302 3132 si
313 3085 460 3149 conspicias,
475 3101 527 3149 quae
540 3087 657 3150 conspicis
669 3085 768 3146 omnia,
780 3082 886 3141 Pheber

229 3158 310 3212 Juffur
324 3165 369 3212 erit
378 3164 476 3214 somnos
489 3166 626 3214 continuare
640 3164 731 3214 Phaon.
931 3155 962 3204 9ο

924 2358 956 2404 80
