2367 3992
268 476 310 559 78
374 468 417 536 P.
443 468 632 535 Obruit
653 470 875 535 NAsonrs

267 600 277 652 (
289 594 331 641 Fas
340 587 426 642 vidisse
439 591 499 648 suit,
513 590 548 638 fas
559 591 590 639 sit
601 591 662 638 mihi
670 590 720 639 visa
730 588 831 639 referre:
843 589 854 656 )

298 670 373 735 Inque
390 668 435 717 Dei
446 665 528 732 digitis
539 684 609 717 aurea
619 671 686 732 virga
696 666 751 716 fuit.

217 765 246 819 ‘5
267 750 372 815 Tresque
381 746 453 797 simul
466 745 550 805 Divae,
565 747 662 805 Venus,
677 750 702 795 &
714 763 770 795 cum
778 742 875 795 Pallade
886 745 963 808 iuno,

299 826 452 877 Graminibus
463 839 556 874 teneros
566 824 699 888 imposuere
709 822 789 889 pedes.

266 905 396 969 Obstupui,
407 899 547 968 gelidusque
559 918 640 953 comat
655 917 758 950 erexerat
768 904 867 954 horror:

297 982 363 1034 Cum
374 984 434 1030 mihi
446 1016 454 1041 ,
466 981 530 1030 Pone
537 996 644 1040 metum,
659 983 760 1029 nuncius
770 981 817 1029 ales
828 983 871 1030 ait.

264 1063 359 1113 Arbiter
371 1078 394 1109 es
406 1059 491 1110 formae
504 1079 510 1108 r
522 1062 653 1109 certamina
666 1058 717 1106 siste
728 1059 851 1117 Dearum3

216 1158 247 1202 70
298 1141 400 1189 Vincere
408 1156 461 1204 quae
474 1137 555 1195 forms
564 1137 637 1202 digna
652 1140 683 1186 sit
693 1153 739 1186 una
750 1135 817 1186 duas.

264 1218 331 1268 Neve
351 1219 499 1273 recusarem,
509 1218 588 1268 verbis
601 1217 664 1266 Iovis
674 1221 789 1280 imperat:
799 1219 824 1266 δι
837 1218 861 1266 sc

295 1296 406 1344 Protinus
417 1295 513 1346 etherii
521 1294 587 1344 tollit
595 1297 621 1343 in
631 1295 689 1344 astra
696 1293 744 1345 viai.

263 1373 334 1422 Mens
344 1391 398 1423 mea
409 1374 546 1433 convaluit,
558 1372 685 1439 subitisque
697 1371 794 1422 audacia
805 1374 887 1424 veuit:

297 1451 350 1500 Nec
361 1455 431 1502 timui
440 1453 508 1508 vultu
517 1467 638 1518 quamque
649 1466 733 1500 notate
742 1467 809 1500 meo.

215 1545 244 1593 75
264 1529 367 1580 Vincere
379 1547 445 1583 etant
456 1547 540 1581 omnes
551 1527 770 1596 dignaezjudexque
781 1530 878 1581 verebar

297 1608 355 1657 Non
371 1625 455 1657 omnes
467 1610 562 1658 causam
572 1609 667 1656 vincere
678 1604 744 1671 posse
752 1609 827 1657 suam.

263 1683 311 1739 Sed
323 1700 404 1734 tamen
416 1702 444 1735 ex
459 1686 507 1735 iliis
518 1690 567 1750 jam
579 1700 636 1735 tunc
648 1689 723 1750 magis
737 1702 784 1735 una
795 1685 920 1750 placebats

297 1765 364 1813 Hanc
380 1762 425 1814 esse
439 1780 466 1814 ut
476 1766 562 1824 scires,
575 1763 638 1813 unde
653 1779 765 1814 movetur
777 1781 854 1812 amor.

264 1843 390 1908 Tantaque
405 1841 517 1894 vincendi
527 1859 583 1892 cura
594 1842 641 1900 est,
658 1842 794 1907 ingentibus
805 1839 890 1892 ardent
950 1889 953 1895 .

216 1902 248 1951 ⁸0
298 1920 420 1970 Iudicium
435 1920 505 1971 donis
519 1921 639 1972 solicitare
657 1938 749 1970 meum.

263 2001 346 2064 Regna
357 2001 421 2050 Jovis
433 2005 537 2066 conjux,
551 2003 666 2050 virtutem
678 1998 728 2049 filia
739 2001 818 2064 jastat.

296 2078 346 2141 Ipse
358 2093 442 2141 potens
452 2076 551 2136 dubito,
564 2077 689 2137 fortisan,
699 2074 744 2126 effe
755 2077 840 2126 velim.

263 2153 343 2202 Dulce
351 2155 431 2202 Venus
442 2158 494 2203 risit
504 2172 512 2212 3
524 2154 577 2203 Nec
589 2170 627 2213 te,
640 2155 706 2209 Pari,
719 2171 818 2204 munera
829 2170 943 2222 tangant:

295 2230 402 2296 Utraque
414 2234 516 2294 suspensi
527 2230 598 2295 plena
608 2234 716 2291 timoris,
728 2236 769 2280 ait.

215 2297 229 2349 8
234 2318 244 2362 5
263 2307 316 2357 Nus
326 2305 435 2359 dabimus
450 2307 518 2374 quod
529 2324 608 2366 ames,
618 2313 652 2357 ’δε
663 2309 768 2372 pulchrae
784 2308 835 2357 filia
846 2308 918 2361 Lede

295 2386 343 2434 Ibit
359 2389 383 2434 in
394 2387 533 2451 amplexus,
550 2386 673 2451 pulchrior
689 2389 758 2451 ipsa,
777 2401 840 2436 tuos.

261 2461 348 2513 Dixit:
362 2469 501 2531 &exaequo
513 2463 582 2514 donis
595 2464 721 2530 formaque
732 2465 832 2530 probati
843 2501 854 2528 ,

296 2542 418 2592 Visiorem
431 2543 495 2594 coeio
506 2543 588 2592 retulit
597 2543 640 2593 illa
651 2541 746 2608 pedem.

264 2620 375 2683 Interea,
390 2622 477 2680 credo,
489 2626 561 2672 versis
574 2620 605 2671 ad
616 2625 727 2688 prospera
739 2623 812 2685 fatis,

212 2720 245 2767 90
295 2700 382 2764 Regius
393 2703 509 2769 agnoscor
518 2718 559 2766 per
569 2715 621 2750 rata
631 2705 697 2766 signa
708 2718 774 2766 puer.

262 2776 327 2827 Laeta
339 2778 423 2828 domus
434 2796 492 2829 nato
501 2780 554 2845 post
566 2796 676 2846 tempora
688 2781 760 2846 longa
770 2766 882 2847 receptis:

296 2853 369 2904 Addit
381 2861 405 2905 &
417 2856 447 2906 ad
459 2858 529 2906 festos
540 2861 711 2925 huncquoque
722 2861 797 2925 Troja
808 2860 881 2911 dictu.

237 2985 238 2988 Ἴ
260 2931 343 2997 thue
355 2951 399 2997 ego
416 2949 439 2983 te
449 2940 538 3000 cupio,
552 2940 585 2984 sic
596 2954 635 2985 me
647 2941 741 3001 cupiere
751 2939 849 3003 puellae:

293 3010 427 3061 Multarum
441 3029 527 3062 votum
538 3013 588 3062 sola
600 3029 678 3064 tenere
691 3031 767 3079 potes.

211 3104 241 3152 95
260 3087 312 3138 Nec
325 3089 417 3137 tantum
428 3107 511 3156 regum
522 3088 583 3141 natae‘
596 3096 683 3157 petiere
699 3092 848 3161 ducumque;

294 3163 339 3217 Sed
351 3165 470 3236 Nymphis
482 3171 556 3222 etiam
566 3187 669 3249 curaque
684 3189 798 3242 amorque
810 3173 854 3224 sui.
