2367 3992
266 371 323 422 nn
345 350 463 421 Arre
481 340 674 420 Aruirrtnr
695 345 798 416 LII.
817 348 819 355 '
850 369 915 438 25¹

199 476 313 538 Quantus
328 492 377 525 erat
388 475 490 525 Calchas
499 476 573 533 extis,
591 457 831 522 Telamonius'armis
839 504 849 531 ,
908 517 910 521 .

233 553 390 605 Automedon
401 569 470 603 curru
482 571 489 611 3
509 567 587 602 tantus
598 566 691 600 amator
702 565 756 615 ego.

196 633 242 684 Me
252 650 333 685 vatem
348 634 482 691 celebrate,
494 635 539 682 viri
550 648 558 688 3
571 632 631 680 mihi
643 628 715 679 dicite
726 626 821 678 laudet:

231 711 353 762 Cantetur
369 727 422 761 toto
441 727 531 760 nornen
541 713 565 759 in
577 709 635 759 orbe
647 724 739 758 rueum.
922 720 971 764 740

194 790 274 840 Arma
295 787 349 840 dedi
364 791 448 841 vobis:
461 787 558 839 dederat
568 786 689 838 Vulcanus
701 785 800 835 Achilli.

231 868 330 918 Vincite
348 869 499 927 muneribus,
511 869 571 918 vicit
581 881 609 915 ut
622 865 678 924 ille,
691 863 762 914 daris.

195 944 244 995 sed
263 950 408 1012 quicumque
423 963 478 994 meo
495 947 609 1010 superarit
619 944 740 993 Amazone
753 941 831 997 ferro,

230 1022 349 1072 Inscribat
367 1022 465 1087 spoliis,
486 1021 552 1072 Nasu
570 1021 679 1093 magister
694 1035 752 1070 erat.

195 1098 261 1150 Ecce
274 1115 361 1165 rogant
372 1114 456 1149 tenerae
470 1135 478 1161 ,
496 1099 540 1148 sibi
553 1097 609 1149 dem
620 1112 756 1164 praepa,
774 1098 875 1164 puelle:
919 1110 965 1155 745

228 1180 285 1230 Vos
296 1181 362 1227 eritis
373 1180 459 1228 chartae
474 1180 583 1243 proxima
595 1192 650 1226 cura
662 1192 730 1225 meae.

195 1252 938 1380 aewffimw‘

296 1446 476 1514 LIBER
529 1443 815 1515 TERTIUS.

198 1552 330 1671 Anien
345 1620 401 1671 dedi
411 1621 534 1670 Dana'isin
545 1622 678 1671 Amazonas
690 1638 696 1668 τ
710 1637 776 1672 arma
784 1623 917 1687 supersunt,

231 1701 291 1762 Quae
303 1703 347 1750 tibi
360 1699 429 1758 dem,
447 1703 472 1748 δι
488 1714 586 1759 turture,
597 1698 760 1760 Penthesilea,
779 1713 834 1750 tuae·
905 1748 907 1753 ,

197 1777 233 1829 lte
250 1783 274 1827 in
291 1777 354 1827 bella
364 1795 430 1844 pares
442 1781 573 1838 evincant,
585 1778 671 1843 quibus
683 1776 747 1826 alma
760 1777 841 1828 Dione

230 1860 343 1918 Faverit,
362 1861 402 1917 δι,
417 1871 471 1907 toto
481 1847 523 1923 qui
533 1856 601 1906 volat
615 1856 688 1911 orbe,
706 1856 776 1904 Puer.

197 1935 256 1987 Non
274 1952 324 1987 erat
335 1940 432 1986 armatis
441 1952 535 2002 aequunr
546 1950 686 1999 concurrere
697 1931 790 1983 nudate
936 1947 948 1994 5

229 2017 268 2064 Sic
284 2019 355 2064 etiarn
369 2015 438 2064 vobis
452 2018 547 2064 vincere
560 2028 645 2079 turpe,
656 2016 712 2063 viri.

198 2090 293 2143 Dixerit
304 2110 315 2142 e
326 2093 407 2142 multis
419 2093 504 2159 aliquis
515 2127 523 2153 ‚
539 2090 606 2153 Quid
617 2095 681 2143 virus
693 2094 719 2141 in
730 2108 832 2158 anguem

229 2168 335 2235 Adjicit?
351 2175 375 2222 δε
387 2170 474 2222 rabidae
491 2170 564 2221 tradis
575 2173 640 2222 ovile
653 2171 733 2238 lupe?

198 2247 288 2298 Parcite
302 2265 430 2313 paucarum
446 2248 581 2300 diffundere
591 2254 683 2300 crimen
692 2253 719 2299 in
729 2267 822 2300 omnes.
867 2294 871 2299 .
889 2274 892 2279 ·

230 2329 350 2392 Spedletur
362 2324 452 2378 melitis
463 2345 564 2394 quaeque
573 2329 653 2395 puella
662 2331 721 2377 suis.
936 2347 967 2379 ro

197 2407 221 2454 Si
238 2408 318 2456 minor
328 2405 425 2457 Atrides
435 2407 557 2461 Helenen,
572 2405 721 2472 Helenesque
736 2409 842 2461 sornrenr

229 2486 285 2546 Quo
299 2501 392 2552 premat
403 2482 495 2533 Atrides
510 2488 609 2534 crimine
620 2488 699 2551 major
710 2486 780 2534 habet
793 2501 801 2542 3
890 2496 892 2503 ·

196 2565 219 2612 si
235 2563 322 2613 scelere
337 2560 440 2612 OEtlides
450 2562 582 2612 Talaioniae
594 2562 721 2628 Eriphyles

229 2643 304 2691 Vivus
315 2677 323 2700 ‚
342 2647 366 2692 δι
378 2645 403 2690 in
414 2644 474 2691 vivis
485 2641 514 2691 ad
525 2643 598 2708 Styga
607 2646 674 2692 venit
685 2644 767 2707 equis3

195 2716 235 2769 Est
245 2723 284 2785 pia
295 2719 413 2783 Penelope
425 2755 434 2780 ‚
447 2719 522 2769 lustris
534 2735 625 2770 errante
637 2718 748 2781 duobus,
935 2741 962 2786 ις

228 2797 260 2846 Et
271 2795 373 2846 totidem
386 2797 461 2847 lustris
472 2797 535 2848 bella
545 2814 641 2864 gerente
651 2834 658 2860 ‚
667 2802 731 2850 viro.

195 2875 294 2939 Respice
313 2873 484 2938 Phyllaciden3
502 2880 527 2926 &
537 2895 589 2945 quae
601 2895 682 2928 comes
691 2876 734 2930 'use
744 2885 832 2930 marito

229 2953 324 3012 Fertur,
336 2957 360 3002 ὃ(
373 2969 427 3003 ante
437 2969 511 3003 annos
520 2954 656 3005 occubuisse
664 2959 728 3007 suos.
768 2954 771 3001 ’-

193 3030 253 3082 Fata
266 3030 410 3084 Pheretiade
421 3037 510 3102 conjux
520 3033 627 3098 regua
638 3033 740 3086 redemit
741 3099 761 3148 L
781 3056 797 3113 ·“
843 3052 848 3061 ·

775 3117 798 3165 Vl
