2367 3992
298 446 340 488 22
395 422 437 488 P.
470 423 656 488 Orrnrr
682 423 915 490 NAsorrrs

295 542 357 592 Hinc
369 558 414 607 ego
426 542 479 591 vela
494 558 538 592 tuae
554 548 657 608 cognovi
668 547 744 607 prima
756 547 854 595 carinae:

324 621 354 669 Et
366 625 425 669 mihi
437 639 477 686 per
487 621 569 670 lluilus
580 625 683 686 impetus
694 625 727 670 ire
741 622 794 670 fuit.

243 715 270 768 ⁶5
291 697 357 746 Dum
374 715 469 758 moror,
481 702 507 747 in
521 699 614 747 summi
623 700 690 747 fulsit
700 702 759 747 mihi
774 716 878 765 purpura
888 703 971 766 proed.

322 775 452 824 Pertimuit
465 775 541 825 cultus
553 791 662 826 nouerat
673 777 715 824 ille
726 793 787 825 tuus.

254 870 257 880 s
287 853 326 901 Pit
342 857 456 918 propior,
474 856 592 919 terrasque
607 854 655 902 citi
669 858 726 903 ratis
737 857 817 918 attigit
825 855 899 904 aura:

320 933 440 979 Femineas
455 929 520 990 vidi,
536 930 609 980 corde
626 947 757 989 tremente,
774 948 854 996 genas.

285 1007 343 1056 Non
353 1011 407 1057 satis
417 1007 442 1057 id
454 1009 530 1057 fuerat
542 1028 547 1056 ι
562 1007 621 1074 quid
630 1013 694 1057 enim
706 1009 795 1058 furiosa
804 1012 932 1062 morabar?

236 1100 268 1142 70
319 1087 428 1136 Haerebat
439 1090 531 1152 gremio
542 1091 615 1151 turpis
627 1091 703 1136 amica
715 1103 766 1136 ruo.

285 1166 353 1214 Tunc
363 1164 421 1216 veto
431 1169 531 1231 rupique
540 1169 603 1214 sinus
614 1201 621 1226 ‚
636 1170 661 1215 ὅ(
672 1168 766 1230 Ρεᾶοτα
777 1165 873 1229 planxi,

316 1244 346 1292 Et
363 1246 425 1292 secui
437 1242 545 1293 madidas
558 1260 636 1308 ungue
647 1248 738 1308 rigente
750 1260 836 1307 genas:

282 1320 431 1387 Implevique
442 1324 531 1371 sacram
543 1322 647 1387 querulis
658 1320 786 1369 ululatibus
799 1319 857 1370 Iden
868 1338 876 1374 t

315 1399 383 1449 lllinc
399 1403 440 1449 has
454 1401 570 1462 lacrymas
581 1404 606 1448 in
621 1417 674 1448 mea
686 1402 738 1448 saxa
749 1399 803 1448 tuli.

233 1482 260 1527 75
281 1478 318 1525 Sic
336 1477 426 1526 Helene
444 1476 538 1537 doleat,
555 1476 693 1542 desertaque
709 1481 811 1542 conjuge
822 1476 916 1541 ploret:

312 1555 418 1620 Quaeque
433 1559 497 1619 prior
507 1558 576 1603 nobis
588 1555 688 1614 intulit,
702 1557 752 1619 ipsa
764 1554 833 1602 ferat.

279 1633 349 1682 Nunc
360 1636 403 1681 tibi
416 1637 574 1692 conveniunt,
587 1650 640 1699 quae
652 1649 674 1682 te
684 1650 725 1697 per
736 1648 816 1696 aperta
827 1633 955 1697 sequantur

296 1711 429 1777 ·AEquora‚
446 1711 567 1776 legitimos
578 1710 753 1776 destituantque
765 1726 839 1760 toros.

276 1787 308 1837 At
321 1788 375 1837 crim
388 1806 475 1854 pauper
492 1806 540 1837 eras
551 1824 558 1848 ,
570 1805 724 1854 armentaque
735 1788 813 1853 pastor
821 1789 904 1853 agebas
915 1824 924 1852 ,

227 1860 257 1907 80
308 1868 398 1927 Nulla,
411 1871 455 1915 nisi
468 1868 559 1916 OEnone
571 1903 578 1926 ‚
591 1872 698 1933 pauperis
710 1884 769 1915 uxor
781 1881 840 1915 erat.

274 1945 331 1993 Non
346 1962 390 2010 ego
401 1949 474 1994 miror
485 1962 557 2010 opes,
569 1962 613 1993 nec
622 1963 659 1993 me
671 1961 711 1993 tua
721 1948 785 2008 regia
798 1947 891 2008 tangit,

306 2024 356 2072 Nec
368 2023 396 2073 de
411 2041 447 2073 tot
459 2025 545 2072 Priami
556 2021 621 2072 dicar
629 2040 656 2072 ut
664 2040 710 2071 una
719 2038 799 2070 nurus.

271 2099 329 2149 Non
340 2117 419 2149 tamen
431 2117 456 2149 ut
467 2103 572 2149 Priamus
583 2102 703 2165 Nymphae
714 2102 779 2148 socer
789 2096 835 2148 elle
846 2103 956 2164 recuset5

303 2179 351 2226 Aut
363 2180 464 2227 Hecuba
476 2179 560 2227 fuerim
572 2177 744 2227 dissimulanda
754 2194 835 2226 nurus.

222 2238 236 2286 ⁸
241 2257 250 2301 5
270 2255 396 2320 Dignaque
410 2257 460 2304 sum
471 2291 478 2314 ,
491 2261 515 2304 ὃ(
527 2259 597 2321 cupio
609 2256 659 2305 fieri
671 2272 781 2304 matrona
791 2260 910 2320 potentis:

301 2336 360 2382 Sunt
373 2337 449 2393 mihi,
461 2352 519 2400 quas
531 2332 628 2400 pollunt
640 2338 730 2400 sceptra
741 2332 840 2393 decere,
857 2352 951 2388 manus.

268 2410 319 2460 Nec
333 2429 385 2471 me,
400 2412 493 2477 faginei
504 2411 570 2477 quod
587 2429 667 2462 tecum
682 2411 766 2462 fronde
777 2415 900 2477 iacebam,

298 2488 413 2554 Despiee:
426 2507 543 2555 purpureo
555 2493 607 2539 sum
618 2494 693 2556 magis
705 2507 759 2555 apta
769 2505 832 2539 toro.

265 2566 375 2632 Denique
394 2584 457 2617 tutus
468 2586 535 2617 amor
548 2587 614 2618 meus
626 2571 713 2618 esttibi
725 2587 731 2616 ι
743 2567 810 2617 nulla
821 2583 934 2632 parantur

215 2641 247 2687 9⁰
297 2645 379 2706 Bella,
397 2664 439 2694 nec
452 2647 545 2695 ultrices
557 2645 653 2697 advehit
664 2646 727 2696 unda
737 2662 807 2696 rates.
912 2638 915 2643 ’

259 2721 381 2797 ιΤγηάαῑίς
392 2725 480 2773 infestis
490 2725 589 2789 fugitiva
599 2727 730 2790 reposcitur
741 2728 822 2775 armis.

295 2800 345 2849 Hac
357 2807 422 2851 venit
435 2807 460 2850 in
470 2804 587 2852 thalamos
598 2802 655 2853 dote
666 2805 764 2868 superba
776 2818 839 2852 tuos.

262 2877 321 2936 Quae
331 2882 350 2927 si
358 2883 387 2928 sit
398 2881 487 2928 Danais
498 2879 631 2941 reddenda,
643 2882 681 2930 vel
694 2882 795 2930 Hectora
805 2880 919 2943 fratrem,

293 2955 339 3004 Vel
354 2974 409 3005 cum
420 2958 550 3023 Deiphobo
562 2957 735 3021 Polydamanta
748 2975 813 3024 roga.

211 3040 241 3086 75
261 3033 327 3094 Quid
337 3039 413 3099 gravis
428 3038 547 3099 Antenor,
559 3039 666 3088 Priamus
676 3036 736 3103 quid
746 3039 840 3088 censeat
849 3041 915 3105 ipse,
955 3099 960 3105 p

293 3110 398 3164 Consule
408 3131 415 3174 3
427 3114 480 3181 quis
486 3131 540 3168 atas
551 3115 625 3183 longa
634 3116 745 3183 magistra
755 3116 809 3166 fuit.
