2367 3992
200 446 207 453 ’
255 452 707 528 [monilium
727 457 830 526 XIII.
857 477 919 546 145

202 579 313 632 Praebuit
323 581 365 630 illa
375 581 445 629 arbor
455 580 541 628 misero
550 575 674 642 suspendia
684 576 765 625 collo:

238 657 357 710 Carnifici
367 655 430 707 dlras
441 657 542 722 praebuir
551 655 595 704 illa
604 671 694 704 cruces.

202 737 252 788 Illa
271 734 338 787 dedit
356 752 434 802 turpes
450 738 525 785 raucis
534 734 670 782 bubonibus
683 734 796 784 umbrare

237 815 349 866 Vulturis
359 817 385 864 in
395 804 467 864 ramis
481 818 506 862 δι
519 810 595 876 strigis
608 811 727 861 ovatulir.
945 809 977 855 ²0

202 892 251 944 lile
267 909 312 958 ego
323 894 434 941 commisi
446 889 537 940 nostros
550 891 645 938 insanus
656 890 765 938 amores!

235 971 374 1038 Molliaque
387 968 418 1020 ad
429 967 553 1019 dominam
564 968 636 1017 verba
648 965 745 1016 ferenda
753 966 823 1017 dedi!

201 1050 292 1116 Aprilis
302 1051 339 1098 hae
352 1051 446 1113 capiant
461 1045 600 1097 vadimonia
612 1045 706 1110 garrula
717 1061 793 1106 cern,

237 1128 305 1188 Ques
317 1127 403 1192 aliquis
414 1124 475 1174 duro
485 1127 597 1188 cognitor
607 1139 648 1171 ore
657 1122 729 1187 legat.

203 1206 273 1256 Inter
289 1200 452 1270 ephemeridas
463 1200 548 1249 melitis
559 1199 698 1263 tabulasque
708 1203 826 1264 jacerent,
945 1229 957 1266 2
963 1229 973 1279 5

237 1285 269 1333 In
278 1283 365 1350 quibus
377 1281 494 1329 absumus
505 1275 573 1326 fleret
584 1291 666 1326 avarus
677 1291 744 1340 opes.

199 1362 272 1428 Ergo
282 1377 326 1426 ego
337 1375 381 1410 vos
391 1359 460 1407 rebus
469 1354 576 1421 duplices
586 1371 631 1418 pro
640 1356 739 1402 nomine
751 1354 829 1402 senti?

237 1441 345 1504 Auspicii
355 1451 467 1486 numerus
478 1450 528 1483 non
539 1448 589 1482 erat
599 1433 647 1496 lpse
658 1432 726 1480 boni.

202 1514 275 1578 Quid
285 1532 365 1581 precer
376 1518 465 1564 iratus?
475 1515 521 1562 oiri
533 1527 576 1562 vos
591 1512 681 1559 cariosa
692 1511 797 1560 seneuue

236 1593 336 1648 Rodae,
347 1597 372 1643 &
387 1588 513 1641 immundo
524 1605 577 1639 cera
586 1591 617 1639 tit
627 1588 682 1638 alba
691 1590 747 1636 situ.
945 1604 974 1648 50

223 1685 642 1794 4-——235313
865 1740 904 1780 .u

345 1863 601 1930 ELEGIA
640 1860 785 1926 XIII.

201 1960 295 2090 Jnu
308 2031 377 2098 snper
386 2031 511 2081 Oceanum
520 2029 612 2101 venite
621 2024 714 2078 seniore
724 2024 828 2089 marito,

236 2108 257 2156 1²
258 2106 311 2160 lava
320 2111 435 2174 pruinoso
446 2125 498 2174 quae
508 2109 575 2158 vehit
584 2123 627 2156 axe
637 2105 711 2156 diem.

200 2183 263 2245 Quo
277 2202 405 2252 properas,
418 2187 526 2235 Aurora?
540 2202 610 2235 mant
618 2204 624 2234 t
633 2188 665 2234 sic
676 2185 816 2235 Memnonis
834 2185 923 2236 u'mbrlr

235 2263 322 2313 Annua
332 2264 446 2313 sollemni
461 2257 526 2313 caede
535 2278 645 2328 parentet
654 2266 713 2314 avis.

199 2334 276 2389 Nunc
287 2344 353 2406 juvat
363 2344 390 2390 in
401 2344 486 2391 tenetis
494 2340 598 2391 dominre
605 2340 702 2408 jacuisse
709 2342 804 2392 lacertis
815 2362 822 2392 ε

234 2417 387 2484 Siquando,
404 2419 471 2469 lateri
488 2436 552 2469 nunc
568 2420 629 2469 bene
641 2422 720 2486 juniia
730 2437 786 2470 meo
799 2419 841 2470 est.

193 2495 276 2548 Nunc
293 2500 365 2547 etiam
375 2500 453 2548 somni
464 2500 580 2563 pingues,
596 2513 659 2546 nunc
672 2496 773 2562 frigidus
786 2500 889 2546 humor:

233 2573 269 2623 Et
285 2573 404 2643 liquidum
420 2579 486 2625 tenui
497 2591 592 2640 gutture
603 2589 684 2639 cantat
694 2577 752 2623 avis.

197 2651 261 2715 Quo
276 2669 401 2718 properas,
412 2657 506 2718 ingrata
516 2655 586 2707 viris,
600 2655 693 2716 ingrata
703 2650 789 2716 puellis
799 2654 808 2701 Ξ

233 2728 339 2779 Roscida
347 2730 465 2797 purpurei
477 2732 597 2796 supprime
613 2729 665 2778 lora
674 2745 757 2778 manu.
945 2751 973 2786 10

196 2808 265 2860 Ante
278 2822 333 2858 tuos
343 2824 409 2858 ortur
419 2807 504 2858 melitis
515 2809 555 2856 sua
563 2804 641 2856 sidera
651 2809 729 2856 servat

231 2885 338 2945 Navita3
350 2902 394 2935 nec
407 2885 487 2936 medii
498 2887 589 2935 nescius
603 2900 665 2935 erent
675 2884 746 2951 aqui.

195 2963 236 3013 Te
251 2963 343 3027 surgit,
356 2967 465 3030 quamvis
474 2961 562 3025 larius,
575 2966 685 3015 veniente
696 2967 788 3015 viatore

230 3040 307 3090 Miles
319 3045 345 3092 δι
357 3041 479 3092 armiferas
487 3058 553 3108 apter
563 3041 594 3092 ad
603 3059 670 3092 arma
679 3059 773 3094 manus.

196 3118 283 3246 Prirytpa
298 3117 397 3172 bidente
407 3117 475 3177 uldes
484 3135 594 3173 oneratos
605 3135 662 3177 etta
672 3120 796 3173 colentesr
938 3137 966 3182 ¹15

261 3213 308 3247 om.
327 3201 352 3249 Ι.
767 3199 790 3250 G
