2367 3992
274 479 400 544 Linou
428 477 477 542 II.
504 474 671 539 Eurota
702 472 806 540 VIII.
850 473 913 540 161

233 582 314 644 Quid?
326 586 372 632 nisi
385 598 410 631 ut
422 580 512 631 inditio
523 583 602 646 Jundla
613 577 705 644 repulsa
715 579 797 628 foret?

199 662 243 708 Per
256 662 374 710 Venerem
387 664 458 726 juro,
475 662 587 724 puerique
602 657 708 706 volatilis
719 672 804 715 arcus,

231 739 274 787 Me
285 754 335 788 non
346 737 443 787 admissi
456 740 560 785 criminis
571 733 618 784 elle
630 750 705 783 reum.
736 737 738 741 '

214 853 233 890 u
480 829 896 902 ξὲῆἲὲξεει-Ξῦ

331 958 585 1022 ELEGIA
626 958 769 1020 VIII.

196 1052 369 1170 Pontinus
382 1123 407 1170 in
418 1120 485 1170 mille
496 1120 581 1171 modos
593 1121 695 1185 perfeela
710 1120 818 1185 capillis,

229 1195 336 1247 Comere
346 1196 388 1247 sed
399 1197 460 1247 solas
471 1196 559 1263 digna,
571 1198 689 1263 Cypassi,
700 1199 779 1258 Deas3

194 1272 226 1323 Et
243 1277 303 1324 mihi
314 1274 423 1339 jucundo
434 1292 484 1324 non
493 1275 578 1324 rustica
588 1280 686 1341 cognita
696 1276 761 1325 furto
770 1294 779 1335 3

227 1355 290 1417 Apta
301 1352 401 1418 quidem
412 1351 533 1409 domr'nae,
546 1352 587 1406 sed
599 1357 674 1418 magis
684 1367 738 1418 apta
748 1355 809 1402 mihi
816 1370 826 1414 3

194 1430 254 1491 ins
265 1429 312 1478 fuit
323 1433 386 1479 inter
396 1448 440 1480 nos
453 1433 536 1481 sociati
546 1434 655 1497 torporis
662 1429 752 1481 index?
936 1458 946 1504 5

225 1510 304 1558 Sensit
315 1510 455 1559 concubitus
466 1509 528 1559 unde
538 1509 648 1561 Corinna
661 1525 714 1560 tuos
723 1513 737 1560 2¹

191 1586 260 1638 Num
275 1602 355 1636 tamen
366 1590 464 1637 erubui?
476 1605 534 1637 num
546 1623 554 1648 ,
566 1589 640 1639 verbo
652 1588 729 1653 lapsus
741 1588 767 1638 ln
777 1576 847 1648 ullo,

225 1665 329 1714 Furtivae
340 1666 437 1714 Veneris
447 1655 619 1731 consciasigna
630 1663 702 1715 dedi?

191 1740 277 1802 Quid?
293 1741 359 1808 quod
369 1747 394 1791 in
406 1744 504 1792 ancillas
515 1747 533 1791 si
545 1747 598 1808 quis
609 1739 746 1807 delinquere
756 1742 834 1809 pollet
846 1779 854 1805 ,

225 1820 300 1869 Illum
316 1839 360 1886 ego
372 1821 485 1870 contendi
499 1837 579 1869 mente
591 1837 668 1869 carere
679 1822 769 1870 boni?-

189 1895 318 1947 Thellalus
334 1899 425 1948 antillae
438 1899 498 1947 facie
511 1896 630 1948 Briseidos
641 1902 715 1946 arsit:

224 1977 295 2027 Serva
306 1978 432 2039 Mycenaeo
443 1975 544 2024 Phoebas
555 1990 634 2023 amata
644 1972 709 2023 duci.

188 2052 250 2103 Non
261 2069 307 2119 ego
318 2051 447 2102 Tantalide
458 2056 552 2118 major,
564 2068 608 2100 nec
619 2055 696 2117 major
705 2050 814 2101 Achilles

223 2130 297 2192 Quod
309 2129 392 2180 decuit
401 2147 481 2195 reges,
495 2147 537 2178 cut
546 2132 608 2178 mihi
618 2145 685 2194 turpe
695 2135 797 2195 putem?

186 2210 225 2261 Ut
236 2223 317 2261 tamen
328 2213 402 2258 iratos
412 2211 437 2258 in
448 2223 471 2258 te
482 2207 565 2259 defixit
574 2207 683 2268 ocellos,

220 2286 314 2338 vidite
326 2290 383 2338 totis
398 2284 514 2336 erubuiffe
527 2289 602 2353 genis.

185 2367 220 2417 At
231 2381 339 2432 quanto,
354 2369 373 2414 si
384 2364 445 2415 forte
458 2365 548 2425 refers,
560 2366 697 2432 praesentior
705 2367 757 2432 ipse

221 2445 265 2494 Per
276 2446 373 2495 Veneris
383 2444 429 2494 feci
439 2447 538 2494 numina
549 2461 637 2509 magna
647 2443 721 2494 fidem
731 2445 741 2494 l

184 2522 227 2571 Tu
238 2522 305 2582 Dea,
320 2539 345 2572 tu
354 2524 436 2586 jubeat
447 2523 524 2571 animi
533 2526 635 2588 perJuria
649 2526 702 2586 puri

220 2598 377 2664 Carpathium
389 2599 482 2666 tepidos
493 2617 534 2665 per
544 2617 609 2648 mare
622 2600 682 2649 ferre
692 2599 780 2650 Notos.
924 2639 956 2672 ω

183 2677 233 2727 Pro
247 2678 333 2741 quibus
343 2677 441 2737 officiis,
453 2681 556 2742 pretium
572 2680 632 2726 mihi
642 2677 727 2736 dulce,
739 2677 842 2742 repende

220 2753 371 2805 Concubitus
382 2755 468 2815 hodie,
481 2755 547 2804 fusca
560 2755 678 2821 Cypassi,
691 2769 754 2804 tuos.

183 2830 254 2892 Quid
263 2837 356 2882 renuis?
370 2834 485 2900 fingisque
496 2850 586 2892 novos,
598 2837 705 2899 ingrata,
718 2824 832 2886 timores?

218 2910 301 2959 Unum
314 2911 346 2958 est
358 2928 371 2958 e
381 2910 484 2960 dominis
496 2909 619 2961 emeruiffe
630 2914 693 2963 satis.

184 2985 288 3047 Quodsi
299 2986 369 3036 stulta
377 3003 447 3051 negas
456 3024 465 3047 ,
475 2988 545 3038 index
556 2993 662 3042 mteaoa
673 2991 783 3053 latebor3
919 3017 949 3062 ²5

218 3064 249 3114 Et
260 3069 355 3115 veniam
367 3065 442 3129 culpa:
452 3065 559 3130 proditor
571 3071 618 3132 ipse
630 3085 697 3117 meae.

180 3144 289 3210 Quoque
302 3143 357 3192 loto
370 3159 448 3193 tecum
459 3143 562 3203 fuerim,
573 3150 727 3210 quotiesque,
740 3147 858 3211 Cypassi,

217 3221 328 3282 Narrabo
339 3220 442 3274 domiue
448 3256 458 3288 ,
471 3236 577 3292 quotque
586 3223 718 3292 quibusque
729 3223 819 3279 modis,
