2367 3992
271 518 339 603 298
395 514 607 582 Ournrr
640 517 870 582 NAsonrs

217 645 263 692 735
268 636 394 703 Argolides
406 653 518 703 cuperent
530 634 615 703 fugisse
627 636 752 703 Caphatea
761 653 870 703 puppes,

300 717 395 783 Teque,
407 718 474 765 senex
486 715 560 765 lusius
574 717 668 781 ignibus
680 716 730 765 ulte
746 731 810 765 tuos.

266 793 388 844 Praeteritd
402 809 483 844 cautus
501 791 600 844 Niseide
616 797 696 844 navita
707 792 805 859 gaudet.

299 873 337 922 Tu
353 873 422 933 loca,
437 889 490 939 quae
504 872 607 921 nimium
618 888 685 938 grata
693 872 775 932 suere,
787 888 855 922 cave.

166 995 171 1018 ,
266 950 324 1000 llaec
335 952 379 1000 tibi
389 954 437 1000 sint
447 953 525 1013 Syrtes
536 969 542 998 ε
553 953 605 998 haec
617 952 792 999 Acroceraunia
801 953 871 999 vitae

217 1041 267 1086 740
300 1027 347 1078 Hie
363 1031 442 1078 vomit
455 1043 537 1093 epotas
552 1024 604 1077 dira
618 1027 756 1091 Charybdis
770 1044 853 1094 aquas.

267 1108 326 1156 Sunt
340 1140 349 1166 ,
365 1123 418 1172 quae
433 1123 483 1156 non
494 1110 604 1171 possint,
615 1107 697 1173 aliquo
710 1122 831 1171 cogente,
841 1107 933 1173 jube1i3

298 1187 364 1250 Saepe
383 1201 463 1253 tamen
480 1187 535 1234 casu
548 1185 609 1235 fasta
619 1189 700 1251 iuvare
712 1185 799 1235 solent.

266 1261 352 1312 Perdat
362 1280 419 1329 opes
434 1261 546 1322 Phaedra,
558 1280 655 1329 parces,
671 1262 784 1328 Neptune
796 1297 804 1323 ,
816 1265 911 1329 nepoti:

299 1342 350 1391 Nec
365 1343 437 1393 saciet
445 1341 544 1408 pavidos
555 1357 634 1406 taurus
645 1345 721 1392 avitus
732 1357 815 1407 equos.

216 1419 385 1480 745Gnossida
398 1420 488 1472 fecisses
498 1425 612 1487 inopem3
627 1423 741 1485 sapienter
752 1416 863 1470 amasset.

298 1500 395 1549 Divitiis
405 1500 475 1548 alitur
487 1499 619 1547 luxuriosus
629 1515 705 1546 amor.

265 1576 318 1627 Cur
329 1595 402 1626 nemo
412 1579 459 1635 eil,
472 1577 577 1626 Hecalen
587 1595 596 1636 ι
606 1577 672 1626 nulla
687 1576 735 1638 est,
747 1592 801 1643 quae
812 1578 901 1642 ceperit
907 1574 970 1624 leoni

299 1655 391 1722 Nempe
399 1653 466 1720 quod
478 1655 538 1704 alter
548 1671 635 1720 egens,
645 1655 720 1704 altera
731 1671 820 1720 pauper
834 1669 891 1702 erat.

265 1733 324 1783 Non
339 1736 410 1783 habet
422 1767 430 1793 ,
442 1733 505 1784 unde
516 1736 585 1784 suum
596 1749 719 1800 paupertas
729 1735 809 1798 pascat
821 1749 941 1782 amoremt

217 1831 265 1879 750
298 1813 355 1863 Non
371 1827 451 1864 tamen
468 1816 514 1862 hoc
526 1816 586 1862 tanti
599 1812 645 1872 est,
657 1829 746 1878 pauper
756 1827 783 1861 ut
794 1809 842 1861 else
852 1811 930 1861 velis..

266 1895 297 1942 At
316 1895 359 1942 tibi
373 1897 404 1943 sit
419 1896 493 1953 tanti,
509 1909 559 1941 non
570 1889 694 1956 indulgere
708 1892 806 1938 theatris
818 1908 826 1948 3

297 1972 364 2020 Dum
382 1974 440 2022 bene
452 1970 481 2021 de
491 1988 568 2020 vacuo
579 1973 672 2036 pestore
683 1967 752 2018 cedat
763 1984 843 2017 amor.

264 2049 383 2100 Enervant
399 2054 492 2100 animos
503 2053 599 2100 citharae
614 2085 621 2109 ,
635 2048 758 2113 lotosque,
779 2047 900 2114 lyraeque3

297 2128 327 2176 Et
337 2145 384 2177 vox
397 2164 405 2187 ,
421 2133 445 2177 ὃ(
462 2132 566 2177 numeris
579 2129 674 2177 brachia
684 2140 752 2174 mota
763 2126 818 2173 suis.

215 2216 244 2264 75
252 2205 319 2262 5lllic
330 2205 421 2254 assidui
432 2206 480 2256 fiui
497 2207 612 2256 saltantur
622 2220 741 2254 amantes:

296 2283 362 2344 Quid
375 2301 456 2333 caveas
475 2287 552 2343 assor,
572 2283 631 2349 quid
645 2289 728 2350 juvet,
745 2297 795 2332 arte
812 2281 894 2333 docet.

262 2363 368 2429 Eloquar
386 2366 473 2412 invitus
488 2381 494 2409 a
509 2376 602 2410 teneros
613 2378 643 2411 ne
653 2377 723 2428 tange
734 2368 816 2426 po'e'tas
828 2381 835 2410 a

294 2444 431 2492 Submoveo
444 2439 511 2490 dotes
525 2443 613 2506 impius
627 2442 677 2505 ipse
691 2457 763 2489 meas.

262 2519 442 2571 Callimachum
453 2519 531 2584 fugito
544 2536 552 2576 3
570 2534 621 2567 non
634 2517 666 2567 est
678 2521 788 2568 inimicus
800 2520 884 2568 Amori
896 2535 904 2576 3

214 2615 262 2663 7⁶0
294 2599 326 2648 Et
345 2615 400 2648 cum
411 2598 565 2649 Callimacho
577 2613 602 2645 tu
614 2613 728 2662 quoque,
742 2597 813 2657 Co'e',
824 2613 906 2647 noces.

262 2678 303 2727 Me
319 2675 381 2726 certd
390 2678 484 2741 Sappho
496 2675 623 2725 meliorem
634 2675 692 2724 fecit
704 2678 803 2724 amicae:

294 2755 345 2804 Nec
364 2753 452 2820 rigidos
471 2771 548 2803 mores
562 2755 623 2802 Teia
633 2755 703 2802 Musa
714 2752 791 2803 dedit.

261 2831 377 2883 Carmina
394 2837 447 2900 quis
461 2835 541 2898 potuit
557 2830 611 2883 tutb
623 2829 703 2896 legisse
715 2832 825 2894 Tibulli,

293 2910 338 2958 Vel
349 2926 409 2969 tua,
426 2914 492 2968 cuius
503 2927 563 2976 opus
572 2909 680 2972 Cynthia
691 2910 741 2959 sola
753 2911 800 2960 suit
812 2913 822 2960 Ξ

212 2989 319 3057 765Quls
330 2992 410 3053 potuit
423 2989 484 3036 lesio
494 2985 566 3036 durus
574 2987 694 3038 discedere
705 2989 797 3038 Gallo?

291 3067 322 3116 Et
334 3083 387 3115 mea
397 3068 476 3114 nescio
484 3063 543 3131 quid
554 3069 660 3115 carmina
672 3065 743 3116 dulce
754 3068 847 3118 sonant.

262 3144 336 3208 Quod
346 3148 391 3194 nisi
406 3142 453 3194 dus
466 3147 543 3208 operis
553 3159 634 3194 vatem
644 3145 767 3194 frustratur
776 3145 884 3210 Apollo,

293 3222 403 3273 AEmulus
415 3223 447 3273 eil
460 3223 534 3274 nostri
545 3224 729 3274 maximacaasa
743 3222 812 3273 mali.
