2367 3992
214 428 241 518 a*
319 456 854 528 P.0v11>.NAsV1rA.

256 574 296 640 V.
318 582 488 654 Nucru,
508 586 622 642 ineunte
642 582 849 653 adolescentis,
868 580 979 641 videtur

219 658 353 742 scripsisse
368 689 375 721 :
390 666 420 724 in
434 684 466 723 ea
477 666 584 744 aperuit
595 683 714 745 quantus
725 673 809 746 poe'ta
822 662 917 744 postea
933 663 980 722 su·

218 761 293 803 tutus
307 742 380 805 esset.
465 819 466 825 ἵ

257 826 631 888 V.Marnuouruosrou
642 829 699 887 sive
710 827 979 887 transmutationum

215 901 281 965 libri
288 930 343 968 xv.
351 911 473 968 carmine
483 906 596 967 heroico
603 907 709 988 scripti:
719 931 790 990 quos
795 912 862 990 quia
867 953 877 979 ,
888 929 979 989 quum

214 988 271 1047 tele
295 1010 382 1049 aretur
392 990 532 1060 Tomim,
548 989 674 1048 nondum
690 991 904 1058 emendaverat,
922 991 980 1048 ita-

215 1083 260 1128 t‘us
314 1072 388 1140 diis,
403 1066 450 1130 suai
464 1093 549 1130 manu
563 1073 736 1130 combussit:
750 1070 901 1151 descriptos
910 1069 980 1129 verb

216 1171 300 1211 antea
317 1154 438 1231 pluribus
455 1153 609 1231 exemplis,
629 1154 748 1212 aliorum
767 1174 831 1212 cura
849 1150 978 1212 servavit.

216 1257 237 1285 υ
247 1233 281 1292 In
292 1233 389 1293 divino
399 1231 672 1313 Metamorplroseon
684 1256 783 1314 opere,
795 1236 887 1315 inquit
897 1231 981 1292 Gifa·

216 1338 236 1366 ³³
247 1317 331 1385 nius,
351 1316 405 1375 tale
420 1313 462 1375 sui
477 1314 617 1396 specimen
629 1313 709 1374 Naso
724 1314 868 1386 exhibuit,
880 1334 911 1373 ut
928 1313 977 1372 di-

157 1466 162 1473 ,
215 1421 236 1449 ω
251 1394 341 1456 versas
355 1395 486 1468 fabulas,
500 1395 686 1456 diversissimi
697 1414 856 1477 tempotum
868 1399 977 1454 ratione

216 1503 237 1530 »ο
248 1497 281 1541 ac
298 1477 365 1538 serie
377 1477 484 1562 gestas,
500 1477 661 1538 admirabili
674 1478 794 1548 ordine,
809 1481 848 1537 sic
859 1475 981 1557 explicit-

215 1583 236 1612 υ
249 1561 306 1629 tit,
322 1579 352 1619 ut
365 1582 423 1620 non
437 1562 537 1630 variae,
552 1559 599 1618 sed
614 1582 669 1619 una
682 1561 770 1618 videri
782 1560 877 1638 possit.

259 1641 327 1701 VII.
350 1642 372 1699 F
380 1664 399 1701 a
409 1664 421 1700 s
431 1663 448 1700 r
458 1661 479 1702 o
488 1663 533 1700 uu
542 1662 565 1700 u
580 1642 667 1702 libros
678 1640 725 1701 sex
736 1642 785 1702 vix
799 1638 980 1714 absolverat,

139 1736 141 1743 ‘
167 1748 173 1756 .
219 1742 308 1804 quum
322 1721 444 1782 exsulare
459 1728 547 1804 jussus
561 1721 608 1782 est.

257 1804 342 1865 VIII.
354 1800 521 1864 Tursrrnu
536 1805 622 1864 libros
633 1808 756 1885 quinque
770 1800 877 1883 scripsit
890 1803 982 1863 exsilii

217 1902 363 1966 tempore,
378 1909 438 1946 non
451 1885 590 1966 adscripto
602 1907 698 1945 eorum
712 1886 845 1956 nomine,
860 1884 896 1944 ad
909 1905 982 1966 quos

193 1997 194 2001 ¹
219 1989 362 2049 quamque
376 1967 523 2048 epistolam
538 1971 623 2027 misit.

257 2048 310 2108 IX.
324 2051 561 2109 Ennomon
572 2071 586 2107 e
596 2048 688 2108 Ponto
698 2048 761 2107 libri
772 2067 910 2128 quatuor,
923 2045 980 2108 hot

219 2150 276 2190 uno
296 2129 398 2191 distant
416 2154 433 2191 a
451 2131 610 2211 prioribus,
635 2130 712 2212 quod
739 2128 859 2210 epistolae
879 2151 981 2192 omnes

219 2231 315 2272 eorum
328 2208 364 2272 ad
376 2234 446 2293 quos
458 2209 541 2271 missar
552 2209 630 2292 sunt,
645 2213 762 2270 nomina
775 2233 828 2290 pta
840 2209 867 2270 se
878 2209 981 2272 ferunt.

258 2293 306 2353 Du
321 2291 365 2353 his
376 2312 479 2353 novem
492 2293 569 2353 libris
582 2290 735 2352 audiendus
746 2291 785 2350 est
797 2293 874 2352 Dan.
887 2288 983 2353 Hein-

217 2373 282 2433 sius.
293 2403 313 2428 υ
332 2374 410 2435 Libri
428 2372 561 2433 Tristium
574 2420 583 2445 ,
598 2383 625 2435 δι
643 2376 692 2455 qui
713 2373 747 2433 de
760 2375 854 2433 Ponto
875 2372 979 2433 inscri-

217 2481 241 2536 υι
251 2455 369 2527 buntur,
381 2478 438 2537 quo
448 2457 485 2516 ab
495 2458 576 2515 omni
588 2453 788 2524 affediatione,
801 2460 980 2536 (quanquam

217 2561 238 2588 υ
250 2537 284 2596 iis
300 2560 365 2597 cum
380 2537 516 2619 plerisque
535 2539 609 2597 illius
628 2536 734 2616 scriptis
751 2534 805 2595 hoc
827 2557 981 2598 commune

217 2643 239 2670 a:
253 2617 329 2692 est,)
345 2621 436 2702 magis
447 2621 533 2678 alieni
548 2617 628 2689 sunt,
639 2640 673 2677 eo
684 2621 774 2700 magis
787 2618 983 2680 commendari

218 2725 238 2751 ³2
248 2703 387 2779 juventuti
397 2701 508 2760 debent.
517 2699 566 2760 Est
576 2702 679 2781 ubique
689 2699 844 2771 Latinitas,
855 2699 900 2757 vel
910 2701 983 2761 inter
1001 2717 1003 2725 ’

218 2805 238 2831 ³2
250 2783 357 2861 prima3
370 2803 469 2843 utnon
481 2800 583 2842 temere
594 2782 721 2841 Muretus
733 2827 742 2852 ,
754 2803 829 2862 quo,
843 2778 904 2859 post
915 2781 981 2840 lite-

218 2887 239 2913 υ
252 2883 296 2922 ras
309 2884 437 2935 renatas,
453 2885 537 2923 nemo
548 2865 614 2924 'sine
629 2861 807 2922 affectatione
825 2861 983 2945 elegantiis

215 2969 239 2995 ω
253 2941 376 3024 scripsit,
386 2944 557 3026 quemdam,
570 2948 619 3026 qui
630 2945 737 3004 audori
747 2962 827 3003 tanto
838 2941 911 3002 hanc
922 2945 983 3003 lau·

219 3049 240 3076 ³>
254 3024 319 3084 dem
338 3024 516 3097 detraheret,
536 3027 659 3108 prodigii
678 3023 781 3097 instar,
800 3026 862 3085 ovis
879 3034 906 3086 &
924 3023 984 3086 sul-

221 3130 241 3157 22
254 3105 341 3186 phure
358 3107 529 3168 lustrandum
547 3105 693 3167 existimet.

260 3187 299 3251 X.
321 3189 406 3252 Iaru
422 3191 515 3272 prImo
533 3191 625 3251 exsilii
639 3211 715 3251 auno
731 3186 854 3270 scripsit..
