2367 3992
348 505 492 574 Nux.
524 482 757 570 EnfforA.
848 517 909 582 311

230 630 357 695 Orbaque‚
377 631 395 677 si
407 629 464 678 sciat
475 629 537 685 hoc,
552 621 657 674 Palladis
671 624 741 671 arbor
753 619 806 668 erit.
837 633 845 662 s

197 708 253 758 Hoc
264 711 289 756 in
300 696 420 756 'notitiam
434 708 514 756 veniat
525 703 638 768 maloque
654 703 771 767 piroque3

230 786 366 834 Destituent
383 784 452 834 silvas
467 798 566 848 utraque
584 795 657 845 poma
672 781 733 827 suas.

195 865 305 930 Quaeque
321 866 365 912 sibi
379 866 446 913 vario
458 860 581 925 distinguit
598 866 672 924 p'oma
684 854 784 917 colore,

231 940 321 992 Audiat
335 944 382 993 ho'c
394 941 500 998 cerasum
511 939 578 1004 stipes
589 939 665 986 inanis
673 937 727 984 erit.

197 1020 259 1072 Non
274 1019 384 1086 equidem
395 1017 508 1068 invideo:
523 1013 642 1085 numquid
658 1030 737 1064 tamen
752 1011 803 1062 ulla
813 1010 897 1062 feritur

232 1097 291 1159 Quae
309 1098 392 1146 sterilis
409 1096 460 1145 sold
474 1091 641 1159 conspicienda
652 1091 723 1140 comai
734 1091 786 1140 est?

198 1175 299 1230 Cernite
318 1179 421 1223 sinceros
435 1189 519 1225 omnes
532 1188 560 1219 ex
570 1169 656 1218 ordine
668 1184 765 1218 truncos
778 1203 787 1227 ‚
937 1191 963 1238 35

232 1255 282 1314 Qui
301 1251 377 1300 modi)
389 1250 423 1299 nii
434 1250 442 1310 ‚'
453 1266 524 1316 quare
533 1251 710 1315 percutiantur,
722 1247 820 1296 habent.

197 1332 232 1382 At
250 1332 312 1379 mihi
329 1331 388 1383 saeva
398 1343 486 1379 nocent
499 1327 616 1377 mutilatis
626 1325 724 1375 vulnera
734 1327 821 1382 ramist

233 1409 354 1475 Nudaque
363 1443 380 1468 ,=
392 1406 484 1463 detesto
495 1409 584 1455 cortice
594 1440 602 1464 ‚
614 1405 678 1469 ligna
687 1418 777 1468 patent.

196 1488 259 1538 Non
273 1485 357 1537 odium
370 1485 428 1537 facit
437 1487 500 1545 hoc,
515 1483 557 1532 sed
570 1485 621 1548 spes
629 1480 722 1531 indulta
730 1484 817 1548 rapinae
828 1498 836 1535 3

233 1565 366 1614 Sustineant
383 1562 435 1612 aliae
445 1579 533 1627 poma,
551 1576 679 1628 querentur
691 1559 765 1610 idem.
856 1551 858 1554 ’
935 1565 967 1608 40

199 1643 239 1691 Sic
260 1659 312 1690 reus
321 1641 362 1689 iile
374 1639 423 1690 feri
438 1641 484 1699 est,
504 1639 593 1706 dequo
606 1643 704 1689 viiiotia
717 1639 786 1689 lucro

233 1716 287 1768 Effe
298 1719 374 1784 potest
385 1738 391 1767 t
401 1721 479 1782 inopis
489 1715 584 1766 vindice
595 1717 654 1765 faeia
662 1733 751 1768 carent.

199 1799 239 1847 sic
251 1801 321 1846 timet
339 1793 452 1853 insidias,
465 1798 505 1860 qui
517 1796 560 1844 scit
571 1797 594 1843 se
606 1796 665 1843 ferre
679 1798 758 1843 viator
769 1828 778 1855 ,

233 1874 283 1924 Cui
300 1877 399 1928 timent:
413 1888 491 1929 tutum
504 1875 578 1937 carpit
588 1875 664 1920 inanis
674 1875 729 1921 iter.
769 1866 773 1880 '

199 1953 239 2001 sie
260 1967 305 2016 ego
315 1951 367 2000 sola
378 1966 446 2016 petor
458 1985 466 2010 ‚
484 1950 529 2000 soii
539 1953 595 2016 quia
611 1952 679 1999 causa
693 1949 790 2015 petendi
801 1950 833 1999 est
845 1968 851 2000 t
935 1966 964 2010 45

235 2026 368 2078 Frondibus
390 2031 500 2088 iurastis,
520 2044 597 2078 cetera
613 2029 681 2077 turba
695 2032 782 2078 virent.

201 2104 267 2154 Nam
286 2106 353 2172 quod
362 2108 452 2156 habent
463 2106 558 2155 frutices
567 2107 608 2155 aiii
618 2123 713 2176 quoque
721 2111 830 2173 proxima
839 2111 909 2161 nobis

235 2183 378 2248 fragmina,
397 2200 450 2249 quar
465 2184 520 2233 laeso
527 2187 618 2233 vimine
632 2185 709 2235 muita
718 2189 813 2252 jacentt

202 2260 262 2313 Non
275 2261 322 2313 istis
341 2264 382 2310 sua
399 2262 459 2311 fabia
471 2279 559 2313 nocent
571 2282 577 2311 z
589 2267 678 2314 vicinia
690 2263 780 2316 damno
790 2267 832 2321 est.

236 2339 364 2404 Excipiunt
376 2342 423 2389 ictu
437 2341 490 2391 saxa
506 2342 673 2406 repulsameo.
939 2351 970 2400 5⁰
991 2338 995 2344 ’

203 2415 280 2484 idque
295 2417 342 2467 fide
358 2435 436 2470 carcat
449 2437 457 2478 3
477 2422 496 2468 si
511 2437 578 2480 non,
595 2430 649 2488 'quae
663 2422 757 2487 longiis
767 2424 869 2484 absunt,

237 2495 354 2547 Nativum
371 2501 474 2548 retinent
483 2499 599 2549 inviolata
610 2497 690 2548 decus.

203 2573 281 2639 Ergo,
302 2577 321 2623 si
335 2578 444 2639 sapiant,
456 2579 481 2625 &
490 2592 596 2631 mentem
606 2578 678 2626 verba
687 2580 814 2643 sequantur
823 2596 832 2638 t

239 2653 381 2702 Devoveant
396 2654 490 2707 umbras
504 2657 613 2719 proxima
623 2671 721 2721 quaeque
732 2672 806 2706 meas.

205 2729 288 2790 Qudm
302 2731 414 2780 miserum
425 2731 472 2791 est,
484 2729 569 2781 odium
584 2731 676 2782 damnis
685 2731 796 2798 accedere
806 2735 903 2785 nostris!
940 2753 966 2797 ςς

239 2807 329 2872 Meque
344 2824 409 2857 ream
421 2812 501 2858 nimiae
512 2814 671 2875 proximitatis
686 2812 736 2878 agii

206 2881 271 2941 Sed,
290 2899 366 2949 puto,
378 2904 465 2952 magna
478 2892 525 2937 mei
541 2889 573 2938 est
584 2891 686 2955 operoso
698 2907 753 2939 cura
764 2890 862 2944 colono.

240 2963 347 3013 Invenias
357 3000 364 3024 ‚
374 2969 415 3031 qui
426 2964 467 3015 det
474 2967 508 3016 nil
519 2970 594 3022 mihi,
607 2984 690 3032 praeter
698 2971 808 3020 humum.

207 3041 298 3104 Sponte
309 3042 363 3091 mei
377 3044 452 3094 facilis
466 3061 589 3094 contemto
599 3047 682 3096 nascor
692 3050 718 3101 in
728 3065 785 3114 agro
791 3067 799 3103 t

242 3119 343 3186 Parsque
360 3121 424 3183 loci,
437 3123 485 3190 quai
494 3124 546 3183 sto,
564 3125 659 3190 publica
675 3143 741 3192 pane
757 3130 796 3176 via
815 3127 856 3181 est.
940 3129 972 3174 60

210 3195 271 3258 Me,
289 3200 337 3250 sata
349 3217 379 3253 ne
393 3200 495 3266 ladam,
506 3205 622 3272 quoniam
632 3205 682 3256 sata
692 3203 777 3256 laed'ere
787 3204 873 3265 dicor,
938 3213 940 3215 ’
