2367 3992
288 472 415 545 LIBER
431 471 692 545 IILELEGIA
714 473 799 540 XII.
845 491 909 540 201
974 490 976 495 ·

186 593 312 648 Fallimur
324 601 333 646 Ξ
349 614 380 647 an
390 597 473 648 uostris
487 597 595 646 innotuit
607 593 650 644 illa
660 591 769 644 libellis?

228 679 269 726 Sic
281 692 330 726 erat
342 695 347 726 ι
360 677 458 741 ingenio
467 675 571 739 prostitit
580 671 624 722 illa
633 689 700 721 meo.

188 749 227 804 Et
242 752 329 802 meriti)
337 770 344 802 a
351 750 411 819 quid
420 755 485 801 enim
496 751 580 801 forme
595 752 714 815 praetonia
724 748 787 801 fecii

228 829 365 881 Vendibilis
374 830 451 895 culpi
462 829 522 878 faiis
534 828 615 894 puella
624 825 680 876 med
691 827 733 877 est.
783 876 786 881 ,
936 843 968 878 to

189 908 238 960 Me
254 910 357 968 lenone,
372 908 449 974 placet
459 927 465 956 ι
474 905 534 956 duce
544 923 601 967 me,
612 903 736 971 perduiiut
750 919 860 956 amator:

228 987 305 1036 lanua
315 1002 356 1050 per
363 985 451 1035 nostras
462 985 495 1034 est
501 982 615 1050 adaperta
625 999 718 1034 manus.

189 1064 233 1115 An
249 1065 355 1128 prosint,
373 1062 474 1113 dubium
485 1082 491 1114 z
501 1078 636 1113 nocuerunt
644 1065 749 1114 cumina
759 1061 838 1115 certis

229 1140 330 1192 invidiae
346 1142 431 1191 nostris
444 1141 488 1190 illa
498 1141 563 1190 fuere
574 1145 654 1192 bonis.
874 1200 879 1211 .

190 1217 263 1270 Crlm
277 1220 385 1278 Thebe,
396 1218 452 1268 crim
462 1219 537 1284 Troja
548 1219 643 1280 forent,
654 1218 710 1270 edm
721 1218 821 1272 cesaris
831 1223 902 1281 astas
922 1238 962 1285 ,ις

228 1297 358 1362 Ingenium
369 1299 447 1348 movit
457 1294 508 1347 sola
519 1295 629 1348 Corinna
639 1310 731 1348 meunt.

190 1376 289 1428 Aversis
301 1378 394 1425 urinam
406 1371 534 1441 tetigiffem
544 1379 650 1426 carmina
663 1371 754 1427 Muris!

228 1456 334 1504 Phoebus
346 1457 504 1520 &inceptum
519 1448 659 1505 deffituiffet
671 1455 744 1521 opus!

156 1543 161 1549 '
189 1533 249 1586 Nec
269 1545 366 1594 tamen,
382 1543 411 1582 ut
424 1531 490 1582 tester
501 1548 554 1581 moa
564 1532 597 1581 eii
608 1531 689 1582 audire
699 1537 802 1598 poe'tas:

228 1605 363 1661 Malueram
374 1611 451 1660 verbis
462 1608 555 1676 pondus
566 1609 643 1660 abelis
653 1614 722 1661 meis.

190 1690 241 1742 Per
254 1705 298 1738 nos
309 1687 404 1751 Scylla,
416 1691 476 1754 patri
487 1701 559 1737 canos
570 1682 648 1737 furata
658 1686 777 1753 capillos,

228 1770 294 1819 Pube
304 1771 391 1833 premit
400 1765 496 1817 rabidos
508 1766 692 1832 inguInibus'que
702 1779 780 1817 canes.
794 1772 797 1777 '

191 1849 250 1901 Nos
265 1846 364 1914 pedibus
374 1862 462 1912 pennas
479 1842 607 1903 dedimus,
618 1859 662 1893 noa
673 1846 777 1894 crinibus
788 1859 883 1910 angues.

229 1927 314 1977 Vieiot
327 1922 471 1976 Abantiades
486 1923 543 1972 alite
554 1921 629 1971 fertur
642 1937 714 1988 equo.

191 2003 266 2056 idem
279 2021 319 2069 pet
329 2006 431 2071 spatium
442 2003 535 2064 Tityon
544 2002 693 2066 porreximus
703 2003 801 2066 ingens:

137 2130 150 2156 J
230 2083 263 2132 Et
277 2085 323 2132 tria
335 2085 433 2147 vipereo
442 2079 543 2129 fecimus
554 2095 597 2128 ota
606 2082 669 2128 tani.

193 2161 306 2212 Fecimus
317 2157 458 2209 Enceladon
472 2155 618 2224 iaculantem
627 2155 695 2206 mille
709 2157 820 2218 lacertis;

229 2239 356 2304 Ambigua
366 2249 450 2302 captos
459 2237 556 2301 virginis
567 2252 609 2285 ore
618 2238 691 2286 virus.
811 2225 813 2229 ¹

194 2316 293 2368 AEolios
303 2317 391 2366 Ithaeis
406 2313 544 2363 inclusimus
559 2315 650 2363 utribus
664 2312 760 2364 Eurost

232 2392 345 2446 Proditor
355 2396 380 2443 ln
392 2390 473 2442 medio
483 2389 598 2442 Tantalus
610 2409 679 2443 amne
691 2396 749 2442 sitit.

194 2473 237 2524 De
254 2471 335 2522 Niobe
345 2471 454 2532 silicem,
467 2469 496 2521 de
507 2472 599 2537 virgine
609 2470 710 2520 fecimus
721 2471 799 2520 ursam
811 2484 820 2518 rv

231 2550 349 2602 Contulit
359 2545 489 2613 Odrysium
501 2548 617 2614 Cecropis
628 2549 676 2597 ales
687 2549 752 2611 ltyn.

196 2630 308 2696 Iuppiter
318 2644 360 2680 aut
375 2633 400 2679 in
411 2645 479 2689 aves,
493 2642 535 2678 aut
545 2629 568 2676 se
583 2626 739 2676 transformat
748 2629 773 2674 in
786 2639 884 2675 aurum:

231 2709 282 2757 Aut
292 2710 374 2768 secat,
391 2706 504 2773 impositi
517 2709 627 2772 virgine,
644 2719 724 2754 taurus
739 2720 820 2770 aquas.

197 2786 286 2836 Protea
296 2784 356 2853 quid
370 2787 490 2836 referam?
502 2785 664 2849 Thebanaque
676 2783 781 2844 semina,
794 2781 874 2834 dentes
886 2787 894 2832 ἒ

234 2865 284 2926 Qui
297 2879 426 2916 vomerent
437 2863 546 2914 flammas
559 2878 619 2923 ore,
631 2859 700 2911 fuiile
711 2861 784 2912 boves
796 2862 811 2910 i*

198 2945 267 2994 Flere
277 2947 343 3010 genis
354 2943 440 2993 eieilra
448 2957 515 3002 tuas,
532 2942 632 3006 auriga,
650 2941 688 2989 sor
714 2946 726 2977 1

233 3024 341 3090 Quaeque
354 3037 415 3071 rates
426 3021 527 3080 fuerint,
538 3036 603 3070 nunc
614 3021 685 3068 maris
696 3009 734 3067 efl
757 3017 839 3070 Deas?

199 3103 364 3168 Aversumque
376 3099 444 3150 diem
457 3102 543 3148 mensis
555 3098 678 3148 furialibus
688 3094 762 3146 Atrei

232 3181 347 3246 Duraque
363 3174 495 3246 percussum
506 3179 560 3230 saxa
569 3177 648 3226 secuta
661 3175 739 3238 lyram
752 3175 781 3285 il
