2367 3992
140 434 144 441 ι

364 463 368 471 ι

336 629 903 735 Pnnntorn.3„

222 753 366 805 Herculeam
386 757 502 820 Sparten,
521 755 708 823 Nestoreamquc
722 757 810 820 Pylon.

189 831 286 898 Ingrata
301 833 333 881 est
344 836 433 897 pietas,
444 837 483 881 cui
495 847 560 882 tanta
571 834 676 898 pericula
687 836 799 892 subsuntt

223 912 287 961 Nam
298 911 360 961 maie
374 906 512 960 commiffus
529 910 638 960 fluctibus
649 914 697 977 ipse
710 912 766 962 fuit.
912 929 958 963 120

189 987 236 1045 Sed
248 989 315 1038 labor
331 992 357 1038 in
367 987 414 1037 fine
429 989 479 1037 est:
494 991 620 1039 occursum
633 993 659 1038 in
669 990 739 1039 litore
754 1004 819 1043 vates

223 1067 310 1118 Dixit:
322 1067 350 1116 In
367 1066 505 1131 ampiexus,
524 1083 592 1127 care,
605 1067 679 1116 ferere
691 1081 755 1116 tuos.
809 1109 811 1113 ,

189 1141 330 1195 Nostendus
343 1144 388 1193 soli
402 1147 497 1195 veniam
507 1145 551 1193 tibi
564 1162 570 1192 ε
584 1159 610 1193 ru
620 1161 702 1210 preme
712 1145 796 1195 sollers

222 1223 360 1283 Laetitiam‚
375 1227 399 1272 δι
415 1225 488 1271 tacito
499 1221 586 1287 gaudia
596 1221 674 1272 conde
685 1226 747 1273 sinu.

187 1299 248 1351 Non
262 1304 287 1350 vi
306 1298 461 1358 certandum,
477 1316 520 1348 nec
532 1314 612 1365 aperta
619 1304 645 1349 in
659 1300 723 1349 bella
737 1299 855 1351 ruendum
867 1320 874 1350 t
912 1301 954 1347 ¹25

222 1382 260 1427 Sic
276 1380 363 1426 cecinit
373 1377 452 1425 laurus
463 1376 504 1425 ille
520 1393 618 1426 monere
628 1378 689 1426 suas.

188 1456 298 1505 forsitan
309 1469 363 1503 ante
377 1452 466 1518 dapes,
481 1457 590 1520 interque
602 1458 712 1505 vacantia
723 1457 794 1517 rina,

224 1531 314 1580 Ultoris
329 1533 443 1595 pharetris
458 1532 517 1582 utile
531 1546 624 1596 tempus
638 1537 690 1583 erit.

188 1608 221 1658 Et
233 1642 241 1666 ,
257 1606 332 1657 modii
343 1606 494 1672 despectum,
506 1610 586 1659 subiti
597 1613 714 1660 mirentur
723 1608 834 1674 Ulyisen.

221 1686 275 1735 Heu
287 1685 293 1734 i
312 1701 414 1750 precor,
431 1701 458 1736 ut
468 1702 580 1752 properet
591 1688 633 1736 iile
645 1691 725 1738 venire
735 1686 786 1738 dies
793 1721 804 1752 ,
910 1694 956 1741 ¹3⁰

186 1763 288 1829 Antiqui
302 1778 401 1814 renovet
418 1767 460 1829 qui
473 1765 540 1814 iaetus
551 1764 643 1816 foedera
659 1765 730 1816 leni:

222 1840 253 1892 Et
270 1839 368 1892 tandein
383 1844 482 1908 incipias
495 1847 616 1909 conjuge,
628 1861 701 1906 cara,
718 1845 776 1898 frui·
