2367 3992
283 467 532 534 RenenrA
571 459 779 528 Arionis.
834 462 898 526 281
965 530 967 533 ,

187 585 263 636 Vince
274 585 420 652 Cupidineas
430 588 517 650 pariter
527 583 671 648 Parthasque
682 582 792 646 sagittas:

219 665 250 712 Et
264 665 325 713 refer
336 663 366 714 ad
377 668 466 730 patrios
478 664 535 711 bina
547 677 636 726 tropaea
651 659 718 709 deos.

187 742 220 791 Ut
237 744 312 792 semel
326 743 407 793 AEtold
419 744 499 791 Venus
510 741 568 790 esta
582 737 678 805 cuspide
690 739 760 798 laesa3

218 822 320 872 Mandat
338 823 438 870 amatori
453 820 516 870 bella
531 817 634 884 gerenda
648 820 700 867 suo.

186 899 312 959 Quaeritis,
325 899 444 964 AEgisthus
455 915 527 964 quate
538 902 568 946 sit
580 897 653 946 fanus
664 894 776 945 adulter?

219 977 246 1025 In
257 994 370 1043 promptu
382 977 493 1043 causaest
505 995 511 1025 e
524 973 656 1025 desidiosus
668 988 727 1022 erat.

146 1088 148 1093 ,
186 1055 325 1119 Pugnabant
335 1057 376 1105 alii
387 1054 460 1105 tardis
474 1054 537 1119 apud
548 1055 612 1102 Ilion
626 1055 715 1101 armis:

218 1132 379 1181 Transtulerat
390 1136 451 1181 vires
466 1133 558 1181 Graecia
574 1145 625 1179 tota
638 1133 699 1178 suas.

185 1211 238 1259 Sive
250 1227 348 1274 operam
363 1209 433 1258 bellis
447 1208 520 1258 vellet
533 1206 604 1265 dare,
620 1207 686 1255 nulla
697 1208 794 1271 gerebat
802 1224 812 1266 3
907 1214 949 1266 155

217 1290 272 1336 Sive
284 1287 338 1335 foro
349 1322 358 1346 ,
373 1303 476 1335 vacuum
490 1286 571 1334 litibus
583 1287 658 1348 Argos
670 1299 729 1333 erat.

184 1362 259 1425 Quod
275 1367 370 1429 potuit,
380 1382 410 1413 ne
420 1364 454 1412 nil
467 1363 518 1412 illic
534 1378 659 1427 ageretur,
673 1365 772 1412 amavit.

216 1445 255 1490 Sic
270 1447 335 1492 venit
345 1443 387 1492 ille
399 1460 456 1508 puer
469 1461 475 1490 ε
490 1444 522 1491 sic
532 1458 590 1506 puer
603 1441 644 1490 ille
658 1457 748 1490 manet.

183 1521 248 1568 Rura
260 1537 355 1586 quoque
366 1521 485 1570 obleslant
496 1524 604 1574 animos,
616 1519 767 1586 studiumque
775 1518 884 1571 colendis

218 1598 338 1658 Quaelibet
347 1601 402 1647 huic
412 1615 473 1648 curae
487 1597 570 1648 cedere
581 1615 638 1648 cura
648 1599 734 1665 potest.
906 1607 952 1652 17ο

183 1674 258 1724 Colla
267 1677 323 1740 jube
333 1675 439 1725 domitos
449 1680 518 1725 oneri
533 1679 663 1742 supponere
675 1693 770 1733 tauros,

217 1755 310 1802 Sauciet
325 1769 351 1801 ut
361 1752 443 1802 duram
454 1770 538 1802 vomet
549 1752 653 1802 aduncus
665 1758 775 1804 humum.

184 1829 265 1879 Obrue
275 1830 366 1879 versatd
377 1823 486 1880 Cerealia
497 1832 586 1879 semina
596 1831 676 1891 tend,

216 1908 277 1967 Quae
288 1910 332 1956 tibi
348 1925 404 1958 cum
415 1907 494 1957 multo
507 1907 589 1957 fenore
600 1907 685 1958 reddat
698 1926 761 1974 aget.

181 1987 267 2051 Aspice
277 2000 387 2037 curvatos
405 2002 534 2053 pomorum
545 1984 651 2051 pondere
660 2003 753 2045 ramos3

215 2064 251 2115 Ut
265 2067 318 2125 sua,
335 2063 401 2131 quod
412 2068 502 2130 peperit
512 2099 519 2123 ‚
529 2068 569 2114 vix
581 2065 643 2116 ferat
653 2068 722 2115 arbor
733 2082 803 2116 onus.

182 2141 267 2206 Aspice
283 2142 388 2206 jucundo
400 2144 505 2192 labentes
517 2158 639 2193 murmure
651 2146 730 2193 rivose

215 2222 299 2284 Aspice
317 2219 442 2270 tondentes
454 2221 532 2270 fertile
542 2238 641 2286 gramen
652 2240 718 2272 oves.

182 2295 244 2345 Ecce
262 2313 347 2361 petunt
362 2315 443 2363 rupes,
457 2315 621 2366 praeruptaque
638 2302 705 2362 saxa,
722 2302 828 2368 capella·-
913 2318 915 2320 ’

215 2376 268 2423 lam
281 2375 463 2426 reserenthaedis
477 2380 548 2426 ubera
559 2379 629 2442 plena
639 2381 693 2430 suis.

182 2454 262 2502 Pastor
273 2455 384 2520 inaequeli
397 2454 535 2504 modulatur
546 2455 660 2505 arundine
671 2474 780 2507 carmen:

215 2533 266 2581 Nec
280 2531 364 2581 desunt
382 2536 503 2591 comites,
519 2531 600 2581 sedula
611 2535 695 2593 turba,
707 2552 785 2584 canes.

182 2612 250 2659 Parte
261 2611 346 2657 sonant
360 2609 407 2656 alie
422 2609 487 2657 silvae
499 2612 630 2674 mugitibus
641 2611 710 2671 alue3

214 2689 246 2736 Et
260 2690 365 2750 queritur
376 2686 480 2735 vitulum
494 2703 569 2736 mater
580 2686 657 2738 abesle
669 2693 747 2740 suum.

182 2763 249 2826 Quid
261 2769 269 2813 Ξ
281 2763 336 2812 edm
347 2765 476 2829 suppositas
485 2765 580 2831 fugiunt
592 2772 700 2818 examina
712 2785 796 2832 taxos,

217 2843 250 2892 Ut
266 2843 370 2891 relevent
381 2841 455 2892 demti
466 2847 558 2894 vimina
567 2861 631 2895 torta
642 2845 700 2897 favi.

181 2924 258 2972 Poma
265 2920 307 2970 dat
316 2937 456 2970 autumnus:
467 2923 572 2972 formosa
584 2925 617 2974 est
627 2926 741 2977 messibus
750 2927 828 2988 aestau

213 3000 262 3048 Ver
272 3000 360 3063 prabet
370 2997 452 3048 flores:
463 3004 517 3065 igne
529 3001 620 3052 levatur
628 3007 714 3055 hiems.

182 3078 341 3140 Temporibus
351 3079 420 3125 certis
431 3093 547 3128 maturam
560 3081 656 3131 rusticus
668 3101 739 3134 uvam

214 3153 307 3222 Deligit
318 3172 327 3216 5
339 3157 364 3206 δε
374 3151 442 3205 nudo
451 3155 494 3205 sub
501 3154 563 3222 pede
572 3159 649 3210 musta
657 3159 745 3212 fluunt.

927 1737 935 1775 l
