<?xml version="1.0" encoding="UTF-8"?>
<!DOCTYPE html PUBLIC "-//W3C//DTD XHTML 1.0 Transitional//EN"
    "http://www.w3.org/TR/xhtml1/DTD/xhtml1-transitional.dtd">
<html xmlns="http://www.w3.org/1999/xhtml" xml:lang="en" lang="en">
 <head>
  <title>
</title>
<meta http-equiv="Content-Type" content="text/html;charset=utf-8" />
  <meta name='ocr-system' content='tesseract 3.04.00' />
  <meta name='ocr-capabilities' content='ocr_page ocr_carea ocr_par ocr_line ocrx_word'/>
</head>
<body>
  <div class='ocr_page' id='page_1' title='image "./povidiinasoniso03ovidgoog_0095.png"; bbox 0 0 2367 3992; ppageno 0'>
   <div class='ocr_carea' id='block_1_1' title="bbox 343 479 956 570">
    <p class='ocr_par' dir='ltr' id='par_1_1' title="bbox 343 479 956 570">
     <span class='ocr_line' id='line_1_1' title="bbox 343 479 956 570; baseline 0.003 -22"><span class='ocrx_word' id='word_1_1' title='bbox 343 481 617 549; x_wconf 78' lang='lat' dir='ltr'>Hanotnus.</span> <span class='ocrx_word' id='word_1_2' title='bbox 642 479 718 548; x_wconf 80' lang='lat' dir='ltr'>Er.</span> <span class='ocrx_word' id='word_1_3' title='bbox 742 481 851 550; x_wconf 83' lang='lat' dir='ltr'><em>XVI.</em></span> <span class='ocrx_word' id='word_1_4' title='bbox 909 508 956 570; x_wconf 87' lang='lat'>77</span> 
     </span>
    </p>
   </div>
   <div class='ocr_carea' id='block_1_2' title="bbox 169 596 1005 982">
    <p class='ocr_par' dir='ltr' id='par_1_2' title="bbox 244 596 1005 752">
     <span class='ocr_line' id='line_1_2' title="bbox 244 596 960 669; baseline 0.007 -20"><span class='ocrx_word' id='word_1_5' title='bbox 244 596 303 650; x_wconf 82' lang='lat' dir='ltr'>Natu</span> <span class='ocrx_word' id='word_1_6' title='bbox 313 616 392 668; x_wconf 90' lang='lat' dir='ltr'>neque</span> <span class='ocrx_word' id='word_1_7' title='bbox 403 601 471 651; x_wconf 78' lang='lat' dir='ltr'>tristis</span> <span class='ocrx_word' id='word_1_8' title='bbox 481 604 572 661; x_wconf 87' lang='lat' dir='ltr'>hierus,</span> <span class='ocrx_word' id='word_1_9' title='bbox 584 619 662 669; x_wconf 89' lang='lat' dir='ltr'>neque</span> <span class='ocrx_word' id='word_1_10' title='bbox 669 620 713 652; x_wconf 91' lang='lat' dir='ltr'>nos</span> <span class='ocrx_word' id='word_1_11' title='bbox 720 605 766 652; x_wconf 90' lang='lat' dir='ltr'>huc</span> <span class='ocrx_word' id='word_1_12' title='bbox 775 604 867 668; x_wconf 83' lang='lat' dir='ltr'>appulit</span> <span class='ocrx_word' id='word_1_13' title='bbox 877 621 941 656; x_wconf 88' lang='lat' dir='ltr'>error</span> <span class='ocrx_word' id='word_1_14' title='bbox 953 625 960 654; x_wconf 77' lang='lat' dir='ltr'>a</span> 
     </span>
     <span class='ocr_line' id='line_1_3' title="bbox 268 679 1005 752; baseline 0.005 -24"><span class='ocrx_word' id='word_1_15' title='bbox 268 679 376 729; x_wconf 66' lang='lat' dir='ltr'>Taenaris</span> <span class='ocrx_word' id='word_1_16' title='bbox 393 681 424 729; x_wconf 88' lang='lat' dir='ltr'>est</span> <span class='ocrx_word' id='word_1_17' title='bbox 436 680 503 729; x_wconf 82' lang='lat' dir='ltr'><strong>classi</strong></span> <span class='ocrx_word' id='word_1_18' title='bbox 519 696 579 730; x_wconf 89' lang='lat' dir='ltr'>terra</span> <span class='ocrx_word' id='word_1_19' title='bbox 590 684 665 746; x_wconf 91' lang='lat' dir='ltr'>petita</span> <span class='ocrx_word' id='word_1_20' title='bbox 675 699 744 731; x_wconf 77' lang='lat' dir='ltr'>meae.</span> <span class='ocrx_word' id='word_1_21' title='bbox 976 708 1005 752; x_wconf 78' lang='lat'>30</span> 
     </span>
    </p>

    <p class='ocr_par' dir='ltr' id='par_1_3' title="bbox 239 755 872 825">
     <span class='ocr_line' id='line_1_4' title="bbox 239 755 872 825; baseline 0.009 -19"><span class='ocrx_word' id='word_1_22' title='bbox 239 755 287 808; x_wconf 87' lang='lat' dir='ltr'>Nec</span> <span class='ocrx_word' id='word_1_23' title='bbox 297 775 338 807; x_wconf 89' lang='lat' dir='ltr'>me</span> <span class='ocrx_word' id='word_1_24' title='bbox 352 757 422 808; x_wconf 88' lang='lat' dir='ltr'>crede</span> <span class='ocrx_word' id='word_1_25' title='bbox 431 759 537 818; x_wconf 86' lang='lat' dir='ltr'>fretum,</span> <span class='ocrx_word' id='word_1_26' title='bbox 551 777 640 809; x_wconf 85' lang='lat' dir='ltr'>merces</span> <span class='ocrx_word' id='word_1_27' title='bbox 651 776 762 825; x_wconf 85' lang='lat' dir='ltr'>portante</span> <span class='ocrx_word' id='word_1_28' title='bbox 773 762 872 822; x_wconf 83' lang='lat' dir='ltr'>carinal,</span> 
     </span>
    </p>

    <p class='ocr_par' dir='ltr' id='par_1_4' title="bbox 169 835 821 904">
     <span class='ocr_line' id='line_1_5' title="bbox 169 835 821 904; baseline 0.008 -20"><span class='ocrx_word' id='word_1_29' title='bbox 169 862 172 867; x_wconf 93' lang='lat'>·</span> <span class='ocrx_word' id='word_1_30' title='bbox 266 835 369 886; x_wconf 83' lang='lat' dir='ltr'>Findere</span> <span class='ocrx_word' id='word_1_31' title='bbox 380 856 386 885; x_wconf 76' lang='lat' dir='ltr'>e</span> <span class='ocrx_word' id='word_1_32' title='bbox 398 854 455 903; x_wconf 88' lang='lat' dir='ltr'>quas</span> <span class='ocrx_word' id='word_1_33' title='bbox 466 839 557 896; x_wconf 87' lang='lat' dir='ltr'>habeo,</span> <span class='ocrx_word' id='word_1_34' title='bbox 568 838 602 886; x_wconf 87' lang='lat' dir='ltr'>Di</span> <span class='ocrx_word' id='word_1_35' title='bbox 613 854 738 898; x_wconf 86' lang='lat' dir='ltr'>tueantur,</span> <span class='ocrx_word' id='word_1_36' title='bbox 754 856 821 904; x_wconf 89' lang='lat' dir='ltr'>opes.</span> 
     </span>
    </p>

    <p class='ocr_par' dir='ltr' id='par_1_5' title="bbox 235 912 851 982">
     <span class='ocr_line' id='line_1_6' title="bbox 235 912 851 982; baseline 0.003 -18"><span class='ocrx_word' id='word_1_37' title='bbox 235 912 284 964; x_wconf 88' lang='lat' dir='ltr'>Nec</span> <span class='ocrx_word' id='word_1_38' title='bbox 295 919 369 966; x_wconf 89' lang='lat' dir='ltr'>venio</span> <span class='ocrx_word' id='word_1_39' title='bbox 380 917 479 982; x_wconf 74' lang='lat' dir='ltr'>GraJas,</span> <span class='ocrx_word' id='word_1_40' title='bbox 492 917 567 965; x_wconf 88' lang='lat' dir='ltr'>veluti</span> <span class='ocrx_word' id='word_1_41' title='bbox 582 918 698 980; x_wconf 75' lang='lat' dir='ltr'>spenaeor</span> <span class='ocrx_word' id='word_1_42' title='bbox 708 952 717 978; x_wconf 92' lang='lat'>,</span> <span class='ocrx_word' id='word_1_43' title='bbox 728 915 760 966; x_wconf 85' lang='lat' dir='ltr'>ad</span> <span class='ocrx_word' id='word_1_44' title='bbox 768 918 851 967; x_wconf 83' lang='lat' dir='ltr'>urbes:</span> 
     </span>
    </p>
   </div>
   <div class='ocr_carea' id='block_1_3' title="bbox 170 992 999 1464">
    <p class='ocr_par' dir='ltr' id='par_1_6' title="bbox 264 992 702 1059">
     <span class='ocr_line' id='line_1_7' title="bbox 264 992 702 1059; baseline 0.005 -17"><span class='ocrx_word' id='word_1_45' title='bbox 264 993 362 1058; x_wconf 88' lang='lat' dir='ltr'>Oppida</span> <span class='ocrx_word' id='word_1_46' title='bbox 376 995 430 1043; x_wconf 83' lang='lat' dir='ltr'>sunt</span> <span class='ocrx_word' id='word_1_47' title='bbox 442 998 507 1059; x_wconf 84' lang='lat' dir='ltr'>regm&#39;</span> <span class='ocrx_word' id='word_1_48' title='bbox 521 992 633 1044; x_wconf 79' lang='lat' dir='ltr'>divitiora</span> <span class='ocrx_word' id='word_1_49' title='bbox 645 999 702 1044; x_wconf 88' lang='lat' dir='ltr'>mci.</span> 
     </span>
    </p>

    <p class='ocr_par' dir='ltr' id='par_1_7' title="bbox 234 1071 999 1216">
     <span class='ocr_line' id='line_1_8' title="bbox 234 1071 999 1140; baseline 0.005 -20"><span class='ocrx_word' id='word_1_50' title='bbox 234 1071 267 1121; x_wconf 89' lang='lat' dir='ltr'>Te</span> <span class='ocrx_word' id='word_1_51' title='bbox 276 1088 352 1136; x_wconf 89' lang='lat' dir='ltr'>peto,</span> <span class='ocrx_word' id='word_1_52' title='bbox 365 1089 438 1139; x_wconf 85' lang='lat' dir='ltr'>quam</span> <span class='ocrx_word' id='word_1_53' title='bbox 451 1072 510 1122; x_wconf 77' lang='lat' dir='ltr'>leno</span> <span class='ocrx_word' id='word_1_54' title='bbox 522 1075 613 1138; x_wconf 80' lang='lat' dir='ltr'>pepigit</span> <span class='ocrx_word' id='word_1_55' title='bbox 625 1075 706 1122; x_wconf 87' lang='lat' dir='ltr'>Venus</span> <span class='ocrx_word' id='word_1_56' title='bbox 718 1091 788 1123; x_wconf 87' lang='lat' dir='ltr'>aurea</span> <span class='ocrx_word' id='word_1_57' title='bbox 799 1073 891 1124; x_wconf 83' lang='lat' dir='ltr'>nostro:</span> <span class='ocrx_word' id='word_1_58' title='bbox 972 1091 999 1140; x_wconf 76' lang='lat'>35</span> 
     </span>
     <span class='ocr_line' id='line_1_9' title="bbox 262 1149 798 1216; baseline 0.004 -18"><span class='ocrx_word' id='word_1_59' title='bbox 262 1151 299 1198; x_wconf 89' lang='lat' dir='ltr'>Te</span> <span class='ocrx_word' id='word_1_60' title='bbox 313 1153 378 1214; x_wconf 92' lang='lat' dir='ltr'>ptius</span> <span class='ocrx_word' id='word_1_61' title='bbox 394 1155 489 1215; x_wconf 85' lang='lat' dir='ltr'>optavi,</span> <span class='ocrx_word' id='word_1_62' title='bbox 501 1149 576 1216; x_wconf 84' lang='lat' dir='ltr'>qualm</span> <span class='ocrx_word' id='word_1_63' title='bbox 588 1153 648 1200; x_wconf 90' lang='lat' dir='ltr'>mihi</span> <span class='ocrx_word' id='word_1_64' title='bbox 657 1166 716 1200; x_wconf 85' lang='lat' dir='ltr'>nota</span> <span class='ocrx_word' id='word_1_65' title='bbox 726 1151 798 1200; x_wconf 79' lang='lat' dir='ltr'>fores.</span> 
     </span>
    </p>

    <p class='ocr_par' dir='ltr' id='par_1_8' title="bbox 231 1226 844 1356">
     <span class='ocr_line' id='line_1_10' title="bbox 231 1226 844 1293; baseline 0.002 -17"><span class='ocrx_word' id='word_1_66' title='bbox 231 1227 290 1277; x_wconf 76' lang='lat' dir='ltr'>Ante</span> <span class='ocrx_word' id='word_1_67' title='bbox 302 1242 357 1277; x_wconf 93' lang='lat' dir='ltr'>tuos</span> <span class='ocrx_word' id='word_1_68' title='bbox 365 1231 447 1276; x_wconf 88' lang='lat' dir='ltr'>animo</span> <span class='ocrx_word' id='word_1_69' title='bbox 458 1226 529 1284; x_wconf 87' lang='lat' dir='ltr'>vidi,</span> <span class='ocrx_word' id='word_1_70' title='bbox 542 1229 618 1293; x_wconf 74' lang='lat' dir='ltr'>quslm</span> <span class='ocrx_word' id='word_1_71' title='bbox 627 1229 734 1288; x_wconf 86' lang='lat' dir='ltr'>lumine,</span> <span class='ocrx_word' id='word_1_72' title='bbox 748 1228 844 1278; x_wconf 81' lang='lat' dir='ltr'>vultust</span> 
     </span>
     <span class='ocr_line' id='line_1_11' title="bbox 260 1304 725 1356; baseline 0.006 -3"><span class='ocrx_word' id='word_1_73' title='bbox 260 1306 342 1354; x_wconf 90' lang='lat' dir='ltr'>Prima</span> <span class='ocrx_word' id='word_1_74' title='bbox 353 1305 400 1353; x_wconf 86' lang='lat' dir='ltr'>fuit</span> <span class='ocrx_word' id='word_1_75' title='bbox 410 1304 489 1355; x_wconf 81' lang='lat' dir='ltr'>vulteis</span> <span class='ocrx_word' id='word_1_76' title='bbox 500 1310 587 1355; x_wconf 89' lang='lat' dir='ltr'>nuncia</span> <span class='ocrx_word' id='word_1_77' title='bbox 605 1307 670 1356; x_wconf 86' lang='lat' dir='ltr'>fama</span> <span class='ocrx_word' id='word_1_78' title='bbox 681 1310 725 1356; x_wconf 89' lang='lat' dir='ltr'>tui.</span> 
     </span>
    </p>

    <p class='ocr_par' dir='ltr' id='par_1_9' title="bbox 170 1383 882 1464">
     <span class='ocr_line' id='line_1_12' title="bbox 170 1383 882 1464; baseline 0.007 -32"><span class='ocrx_word' id='word_1_79' title='bbox 170 1453 172 1464; x_wconf 42' lang='grc' dir='ltr'>Ι</span> <span class='ocrx_word' id='word_1_80' title='bbox 229 1383 279 1432; x_wconf 90' lang='lat' dir='ltr'>Nec</span> <span class='ocrx_word' id='word_1_81' title='bbox 294 1399 376 1434; x_wconf 87' lang='lat' dir='ltr'>tamen</span> <span class='ocrx_word' id='word_1_82' title='bbox 390 1386 423 1434; x_wconf 89' lang='lat' dir='ltr'>est</span> <span class='ocrx_word' id='word_1_83' title='bbox 434 1389 536 1440; x_wconf 73' lang='lat' dir='ltr'>muum,</span> <span class='ocrx_word' id='word_1_84' title='bbox 557 1389 591 1445; x_wconf 89' lang='lat' dir='ltr'>si,</span> <span class='ocrx_word' id='word_1_85' title='bbox 613 1389 674 1434; x_wconf 84' lang='lat' dir='ltr'>sicut</span> <span class='ocrx_word' id='word_1_86' title='bbox 685 1400 812 1450; x_wconf 83' lang='lat' dir='ltr'>oporteat,</span> <span class='ocrx_word' id='word_1_87' title='bbox 827 1403 882 1437; x_wconf 86' lang='lat' dir='ltr'>arcu</span> 
     </span>
    </p>
   </div>
   <div class='ocr_carea' id='block_1_4' title="bbox 170 1463 996 3322">
    <p class='ocr_par' dir='ltr' id='par_1_10' title="bbox 170 1463 996 3322">
     <span class='ocr_line' id='line_1_13' title="bbox 257 1463 996 1528; baseline 0.007 -16"><span class='ocrx_word' id='word_1_88' title='bbox 257 1463 390 1512; x_wconf 84' lang='lat' dir='ltr'>Missilibus</span> <span class='ocrx_word' id='word_1_89' title='bbox 401 1464 453 1512; x_wconf 91' lang='lat' dir='ltr'>telis</span> <span class='ocrx_word' id='word_1_90' title='bbox 464 1468 555 1513; x_wconf 80' lang='lat' dir='ltr'>emines</span> <span class='ocrx_word' id='word_1_91' title='bbox 568 1467 643 1522; x_wconf 73' lang='lat' dir='ltr'>istus,</span> <span class='ocrx_word' id='word_1_92' title='bbox 657 1480 722 1513; x_wconf 85' lang='lat' dir='ltr'>anto.</span> <span class='ocrx_word' id='word_1_93' title='bbox 964 1484 996 1528; x_wconf 79' lang='lat'>40</span> 
     </span>
     <span class='ocr_line' id='line_1_14' title="bbox 226 1542 814 1609; baseline 0.009 -20"><span class='ocrx_word' id='word_1_94' title='bbox 226 1542 263 1590; x_wconf 80' lang='lat' dir='ltr'>Sic</span> <span class='ocrx_word' id='word_1_95' title='bbox 277 1542 371 1607; x_wconf 78' lang='lat' dir='ltr'>placuit</span> <span class='ocrx_word' id='word_1_96' title='bbox 384 1542 438 1592; x_wconf 87' lang='lat' dir='ltr'>fatis</span> <span class='ocrx_word' id='word_1_97' title='bbox 450 1563 456 1591; x_wconf 76' lang='lat' dir='ltr'>s</span> <span class='ocrx_word' id='word_1_98' title='bbox 468 1559 521 1609; x_wconf 75' lang='lat' dir='ltr'>quse</span> <span class='ocrx_word' id='word_1_99' title='bbox 532 1560 563 1592; x_wconf 88' lang='lat' dir='ltr'>ue</span> <span class='ocrx_word' id='word_1_100' title='bbox 573 1543 709 1594; x_wconf 85' lang='lat' dir='ltr'>convellere</span> <span class='ocrx_word' id='word_1_101' title='bbox 723 1558 797 1594; x_wconf 85' lang='lat' dir='ltr'>tentes</span> <span class='ocrx_word' id='word_1_102' title='bbox 804 1578 814 1603; x_wconf 90' lang='lat'>‚</span> 
     </span>
     <span class='ocr_line' id='line_1_15' title="bbox 256 1618 705 1686; baseline -0.002 -17"><span class='ocrx_word' id='word_1_103' title='bbox 256 1623 346 1686; x_wconf 82' lang='lat' dir='ltr'>Accipe</span> <span class='ocrx_word' id='word_1_104' title='bbox 358 1638 414 1671; x_wconf 91' lang='lat' dir='ltr'>cum</span> <span class='ocrx_word' id='word_1_105' title='bbox 425 1620 481 1673; x_wconf 70' lang='lat' dir='ltr'>veri</span> <span class='ocrx_word' id='word_1_106' title='bbox 492 1618 554 1671; x_wconf 77' lang='lat' dir='ltr'>dina</span> <span class='ocrx_word' id='word_1_107' title='bbox 564 1623 639 1671; x_wconf 87' lang='lat' dir='ltr'>relata</span> <span class='ocrx_word' id='word_1_108' title='bbox 649 1620 705 1671; x_wconf 86' lang='lat' dir='ltr'>fide.</span> 
     </span>
     <span class='ocr_line' id='line_1_16' title="bbox 224 1696 859 1765; baseline 0.006 -17"><span class='ocrx_word' id='word_1_109' title='bbox 224 1697 310 1748; x_wconf 86' lang='lat' dir='ltr'>Matris</span> <span class='ocrx_word' id='word_1_110' title='bbox 320 1696 399 1748; x_wconf 88' lang='lat' dir='ltr'>adhuc</span> <span class='ocrx_word' id='word_1_111' title='bbox 409 1714 494 1758; x_wconf 89' lang='lat' dir='ltr'>utero,</span> <span class='ocrx_word' id='word_1_112' title='bbox 507 1715 575 1765; x_wconf 88' lang='lat' dir='ltr'>partu</span> <span class='ocrx_word' id='word_1_113' title='bbox 587 1714 736 1760; x_wconf 85' lang='lat' dir='ltr'>remorante,</span> <span class='ocrx_word' id='word_1_114' title='bbox 749 1700 859 1752; x_wconf 78' lang='lat' dir='ltr'>tenebart</span> 
     </span>
     <span class='ocr_line' id='line_1_17' title="bbox 253 1776 778 1843; baseline 0.002 -18"><span class='ocrx_word' id='word_1_115' title='bbox 253 1777 308 1825; x_wconf 81' lang='lat' dir='ltr'>iam</span> <span class='ocrx_word' id='word_1_116' title='bbox 317 1776 429 1842; x_wconf 83' lang='lat' dir='ltr'>gravidus</span> <span class='ocrx_word' id='word_1_117' title='bbox 440 1779 500 1843; x_wconf 89' lang='lat' dir='ltr'>justo</span> <span class='ocrx_word' id='word_1_118' title='bbox 511 1776 616 1842; x_wconf 89' lang='lat' dir='ltr'>pondere</span> <span class='ocrx_word' id='word_1_119' title='bbox 625 1793 708 1827; x_wconf 80' lang='lat' dir='ltr'>venter</span> <span class='ocrx_word' id='word_1_120' title='bbox 719 1793 778 1828; x_wconf 86' lang='lat' dir='ltr'>erat.</span> 
     </span>
     <span class='ocr_line' id='line_1_18' title="bbox 221 1853 987 1920; baseline 0.001 -16"><span class='ocrx_word' id='word_1_121' title='bbox 221 1853 267 1905; x_wconf 91' lang='lat' dir='ltr'>llla</span> <span class='ocrx_word' id='word_1_122' title='bbox 281 1857 329 1904; x_wconf 85' lang='lat' dir='ltr'>sibi</span> <span class='ocrx_word' id='word_1_123' title='bbox 342 1859 465 1920; x_wconf 82' lang='lat' dir='ltr'>lugentem</span> <span class='ocrx_word' id='word_1_124' title='bbox 473 1859 523 1905; x_wconf 81' lang='lat' dir='ltr'>visa</span> <span class='ocrx_word' id='word_1_125' title='bbox 534 1857 565 1905; x_wconf 88' lang='lat' dir='ltr'>est</span> <span class='ocrx_word' id='word_1_126' title='bbox 576 1857 619 1904; x_wconf 91' lang='lat' dir='ltr'>sub</span> <span class='ocrx_word' id='word_1_127' title='bbox 630 1859 734 1920; x_wconf 82' lang='lat' dir='ltr'>imagine</span> <span class='ocrx_word' id='word_1_128' title='bbox 746 1858 824 1905; x_wconf 88' lang='lat' dir='ltr'>somni</span> <span class='ocrx_word' id='word_1_129' title='bbox 957 1868 987 1914; x_wconf 79' lang='lat'>45</span> 
     </span>
     <span class='ocr_line' id='line_1_19' title="bbox 252 1932 810 1998; baseline -0.005 -15"><span class='ocrx_word' id='word_1_130' title='bbox 252 1934 434 1983; x_wconf 81' lang='lat' dir='ltr'>Flammiferam</span> <span class='ocrx_word' id='word_1_131' title='bbox 443 1934 513 1998; x_wconf 91' lang='lat' dir='ltr'>pleno</span> <span class='ocrx_word' id='word_1_132' title='bbox 522 1932 619 1984; x_wconf 82' lang='lat' dir='ltr'>reddere</span> <span class='ocrx_word' id='word_1_133' title='bbox 629 1948 712 1984; x_wconf 85' lang='lat' dir='ltr'>ventre</span> <span class='ocrx_word' id='word_1_134' title='bbox 721 1932 810 1981; x_wconf 85' lang='lat' dir='ltr'>facem.</span> 
     </span>
     <span class='ocr_line' id='line_1_20' title="bbox 220 2010 842 2078; baseline -0.005 -16"><span class='ocrx_word' id='word_1_135' title='bbox 220 2013 314 2062; x_wconf 85' lang='lat' dir='ltr'>Territa</span> <span class='ocrx_word' id='word_1_136' title='bbox 332 2015 469 2078; x_wconf 82' lang='lat' dir='ltr'>consurgit;</span> <span class='ocrx_word' id='word_1_137' title='bbox 486 2010 661 2077; x_wconf 85' lang='lat' dir='ltr'>metuendaque</span> <span class='ocrx_word' id='word_1_138' title='bbox 675 2013 750 2059; x_wconf 73' lang='lat' dir='ltr'>nonis</span> <span class='ocrx_word' id='word_1_139' title='bbox 761 2025 842 2074; x_wconf 73' lang='lat' dir='ltr'>opace</span> 
     </span>
     <span class='ocr_line' id='line_1_21' title="bbox 250 2088 772 2150; baseline -0.006 -11"><span class='ocrx_word' id='word_1_140' title='bbox 250 2090 309 2139; x_wconf 90' lang='lat' dir='ltr'>Visa</span> <span class='ocrx_word' id='word_1_141' title='bbox 321 2093 371 2141; x_wconf 87' lang='lat' dir='ltr'>seni</span> <span class='ocrx_word' id='word_1_142' title='bbox 383 2091 497 2150; x_wconf 83' lang='lat' dir='ltr'>Priamo,</span> <span class='ocrx_word' id='word_1_143' title='bbox 516 2091 609 2140; x_wconf 85' lang='lat' dir='ltr'>vatibus</span> <span class='ocrx_word' id='word_1_144' title='bbox 620 2089 679 2148; x_wconf 91' lang='lat' dir='ltr'>ille,</span> <span class='ocrx_word' id='word_1_145' title='bbox 691 2088 772 2137; x_wconf 84' lang='lat' dir='ltr'>refert.</span> 
     </span>
     <span class='ocr_line' id='line_1_22' title="bbox 215 2167 730 2232; baseline -0.006 -13"><span class='ocrx_word' id='word_1_146' title='bbox 215 2169 331 2219; x_wconf 77' lang='lat' dir='ltr'>Arsurmt</span> <span class='ocrx_word' id='word_1_147' title='bbox 343 2167 434 2220; x_wconf 88' lang='lat' dir='ltr'>Paridis</span> <span class='ocrx_word' id='word_1_148' title='bbox 443 2183 509 2220; x_wconf 88' lang='lat' dir='ltr'>vates</span> <span class='ocrx_word' id='word_1_149' title='bbox 520 2171 583 2218; x_wconf 87' lang='lat' dir='ltr'>canit</span> <span class='ocrx_word' id='word_1_150' title='bbox 598 2169 661 2217; x_wconf 82' lang='lat' dir='ltr'>ilion</span> <span class='ocrx_word' id='word_1_151' title='bbox 671 2170 730 2232; x_wconf 87' lang='lat' dir='ltr'>igni.</span> 
     </span>
     <span class='ocr_line' id='line_1_23' title="bbox 249 2246 988 2307; baseline -0.007 -12"><span class='ocrx_word' id='word_1_152' title='bbox 249 2247 371 2307; x_wconf 74' lang='lat' dir='ltr'>Pectoris,</span> <span class='ocrx_word' id='word_1_153' title='bbox 383 2262 410 2296; x_wconf 93' lang='lat' dir='ltr'>ut</span> <span class='ocrx_word' id='word_1_154' title='bbox 424 2263 487 2298; x_wconf 89' lang='lat' dir='ltr'>nunc</span> <span class='ocrx_word' id='word_1_155' title='bbox 499 2247 531 2296; x_wconf 88' lang='lat' dir='ltr'>est</span> <span class='ocrx_word' id='word_1_156' title='bbox 542 2280 550 2307; x_wconf 94' lang='lat'><strong><em>,</em></strong></span> <span class='ocrx_word' id='word_1_157' title='bbox 567 2246 606 2295; x_wconf 87' lang='lat' dir='ltr'>fax</span> <span class='ocrx_word' id='word_1_158' title='bbox 624 2246 671 2295; x_wconf 86' lang='lat' dir='ltr'>fuit</span> <span class='ocrx_word' id='word_1_159' title='bbox 681 2246 724 2295; x_wconf 88' lang='lat' dir='ltr'>illa</span> <span class='ocrx_word' id='word_1_160' title='bbox 733 2247 791 2296; x_wconf 84' lang='lat' dir='ltr'>mei.</span> <span class='ocrx_word' id='word_1_161' title='bbox 956 2258 988 2300; x_wconf 72' lang='lat' dir='ltr'>so</span> 
     </span>
     <span class='ocr_line' id='line_1_24' title="bbox 215 2321 894 2392; baseline 0 -18"><span class='ocrx_word' id='word_1_162' title='bbox 215 2324 305 2375; x_wconf 76' lang='lat' dir='ltr'>forma</span> <span class='ocrx_word' id='word_1_163' title='bbox 314 2328 430 2392; x_wconf 86' lang='lat' dir='ltr'>vigorque</span> <span class='ocrx_word' id='word_1_164' title='bbox 441 2329 530 2384; x_wconf 89' lang='lat' dir='ltr'>animi,</span> <span class='ocrx_word' id='word_1_165' title='bbox 543 2327 651 2390; x_wconf 84' lang='lat' dir='ltr'>quamvis</span> <span class='ocrx_word' id='word_1_166' title='bbox 662 2323 692 2373; x_wconf 94' lang='lat' dir='ltr'>de</span> <span class='ocrx_word' id='word_1_167' title='bbox 703 2324 771 2389; x_wconf 88' lang='lat' dir='ltr'>plebe</span> <span class='ocrx_word' id='word_1_168' title='bbox 781 2321 894 2384; x_wconf 83' lang='lat' dir='ltr'>videbat,</span> 
     </span>
     <span class='ocr_line' id='line_1_25' title="bbox 170 2401 684 2474; baseline -0.006 -22"><span class='ocrx_word' id='word_1_169' title='bbox 170 2455 176 2474; x_wconf 33' lang='grc' dir='ltr'>ἱ</span> <span class='ocrx_word' id='word_1_170' title='bbox 247 2401 370 2452; x_wconf 87' lang='lat' dir='ltr'>Indicium</span> <span class='ocrx_word' id='word_1_171' title='bbox 386 2406 451 2452; x_wconf 74' lang='lat' dir='ltr'>testae</span> <span class='ocrx_word' id='word_1_172' title='bbox 463 2402 596 2452; x_wconf 82' lang='lat' dir='ltr'>nobilitatis</span> <span class='ocrx_word' id='word_1_173' title='bbox 610 2417 684 2451; x_wconf 88' lang='lat' dir='ltr'>erant.</span> 
     </span>
     <span class='ocr_line' id='line_1_26' title="bbox 212 2477 770 2532; baseline -0.009 0"><span class='ocrx_word' id='word_1_174' title='bbox 212 2481 252 2532; x_wconf 83' lang='lat' dir='ltr'>Est</span> <span class='ocrx_word' id='word_1_175' title='bbox 265 2481 333 2531; x_wconf 89' lang='lat' dir='ltr'>locus</span> <span class='ocrx_word' id='word_1_176' title='bbox 340 2485 366 2530; x_wconf 91' lang='lat' dir='ltr'>in</span> <span class='ocrx_word' id='word_1_177' title='bbox 376 2479 461 2531; x_wconf 77' lang='lat' dir='ltr'>medie</span> <span class='ocrx_word' id='word_1_178' title='bbox 469 2483 600 2529; x_wconf 84' lang='lat' dir='ltr'>nemorosis</span> <span class='ocrx_word' id='word_1_179' title='bbox 611 2480 712 2529; x_wconf 84' lang='lat' dir='ltr'>vallibus</span> <span class='ocrx_word' id='word_1_180' title='bbox 721 2477 770 2528; x_wconf 75' lang='lat' dir='ltr'>ldae</span> 
     </span>
     <span class='ocr_line' id='line_1_27' title="bbox 244 2558 757 2624; baseline -0.01 -15"><span class='ocrx_word' id='word_1_181' title='bbox 244 2560 337 2610; x_wconf 87' lang='lat' dir='ltr'>Devius</span> <span class='ocrx_word' id='word_1_182' title='bbox 347 2595 355 2620; x_wconf 94' lang='lat'>,</span> <span class='ocrx_word' id='word_1_183' title='bbox 366 2563 391 2609; x_wconf 77' lang='lat' dir='ltr'>bc</span> <span class='ocrx_word' id='word_1_184' title='bbox 400 2562 472 2624; x_wconf 88' lang='lat' dir='ltr'>piceis</span> <span class='ocrx_word' id='word_1_185' title='bbox 481 2559 621 2623; x_wconf 89' lang='lat' dir='ltr'>ilicibusque</span> <span class='ocrx_word' id='word_1_186' title='bbox 629 2558 739 2622; x_wconf 87' lang='lat' dir='ltr'>frequens</span> <span class='ocrx_word' id='word_1_187' title='bbox 749 2574 757 2614; x_wconf 77' lang='lat'><em>3</em></span> 
     </span>
     <span class='ocr_line' id='line_1_28' title="bbox 212 2633 978 2703; baseline 0 -18"><span class='ocrx_word' id='word_1_188' title='bbox 212 2637 261 2698; x_wconf 90' lang='lat' dir='ltr'>Qui</span> <span class='ocrx_word' id='word_1_189' title='bbox 273 2654 318 2686; x_wconf 91' lang='lat' dir='ltr'>nec</span> <span class='ocrx_word' id='word_1_190' title='bbox 329 2641 381 2688; x_wconf 90' lang='lat' dir='ltr'>ovis</span> <span class='ocrx_word' id='word_1_191' title='bbox 392 2636 492 2703; x_wconf 82' lang='lat' dir='ltr'>placidae</span> <span class='ocrx_word' id='word_1_192' title='bbox 503 2673 511 2696; x_wconf 89' lang='lat'>,</span> <span class='ocrx_word' id='word_1_193' title='bbox 521 2653 565 2686; x_wconf 88' lang='lat' dir='ltr'>nec</span> <span class='ocrx_word' id='word_1_194' title='bbox 577 2640 679 2686; x_wconf 87' lang='lat' dir='ltr'>amantis</span> <span class='ocrx_word' id='word_1_195' title='bbox 690 2637 744 2684; x_wconf 80' lang='lat' dir='ltr'>saxa</span> <span class='ocrx_word' id='word_1_196' title='bbox 755 2633 866 2699; x_wconf 70' lang='lat' dir='ltr'>capelle,</span> <span class='ocrx_word' id='word_1_197' title='bbox 951 2639 978 2686; x_wconf 84' lang='lat'>55</span> 
     </span>
     <span class='ocr_line' id='line_1_29' title="bbox 243 2715 727 2781; baseline -0.008 -16"><span class='ocrx_word' id='word_1_198' title='bbox 243 2715 296 2765; x_wconf 91' lang='lat' dir='ltr'>Nee</span> <span class='ocrx_word' id='word_1_199' title='bbox 308 2717 391 2781; x_wconf 89' lang='lat' dir='ltr'>patulo</span> <span class='ocrx_word' id='word_1_200' title='bbox 402 2715 476 2766; x_wconf 81' lang='lat' dir='ltr'>tardae</span> <span class='ocrx_word' id='word_1_201' title='bbox 487 2719 590 2779; x_wconf 85' lang='lat' dir='ltr'>carpitur</span> <span class='ocrx_word' id='word_1_202' title='bbox 598 2732 640 2764; x_wconf 90' lang='lat' dir='ltr'>ore</span> <span class='ocrx_word' id='word_1_203' title='bbox 650 2716 727 2762; x_wconf 87' lang='lat' dir='ltr'>bovis.</span> 
     </span>
     <span class='ocr_line' id='line_1_30' title="bbox 209 2790 822 2858; baseline -0.005 -16"><span class='ocrx_word' id='word_1_204' title='bbox 209 2793 274 2842; x_wconf 84' lang='lat' dir='ltr'>Hinc</span> <span class='ocrx_word' id='word_1_205' title='bbox 286 2809 332 2858; x_wconf 81' lang='lat' dir='ltr'>ego</span> <span class='ocrx_word' id='word_1_206' title='bbox 341 2792 469 2842; x_wconf 81' lang='lat' dir='ltr'>Dardaniae</span> <span class='ocrx_word' id='word_1_207' title='bbox 481 2809 578 2852; x_wconf 88' lang='lat' dir='ltr'>muros,</span> <span class='ocrx_word' id='word_1_208' title='bbox 594 2790 731 2856; x_wconf 84' lang='lat' dir='ltr'>excelsaque</span> <span class='ocrx_word' id='word_1_209' title='bbox 743 2793 804 2840; x_wconf 68' lang='lat' dir='ltr'>rebla</span> <span class='ocrx_word' id='word_1_210' title='bbox 811 2822 822 2851; x_wconf 89' lang='lat'><em>,</em></span> 
     </span>
     <span class='ocr_line' id='line_1_31' title="bbox 240 2870 786 2935; baseline -0.004 -16"><span class='ocrx_word' id='word_1_211' title='bbox 240 2870 274 2919; x_wconf 83' lang='lat' dir='ltr'>Et</span> <span class='ocrx_word' id='word_1_212' title='bbox 289 2870 351 2919; x_wconf 86' lang='lat' dir='ltr'>freta</span> <span class='ocrx_word' id='word_1_213' title='bbox 361 2873 521 2935; x_wconf 86' lang='lat' dir='ltr'>prospiciens,</span> <span class='ocrx_word' id='word_1_214' title='bbox 538 2871 622 2919; x_wconf 86' lang='lat' dir='ltr'>arbore</span> <span class='ocrx_word' id='word_1_215' title='bbox 633 2871 701 2917; x_wconf 85' lang='lat' dir='ltr'>nixus</span> <span class='ocrx_word' id='word_1_216' title='bbox 714 2885 786 2918; x_wconf 85' lang='lat' dir='ltr'>eram.</span> 
     </span>
     <span class='ocr_line' id='line_1_32' title="bbox 205 2947 798 3014; baseline -0.002 -18"><span class='ocrx_word' id='word_1_217' title='bbox 205 2947 268 2998; x_wconf 83' lang='lat' dir='ltr'>Ecce</span> <span class='ocrx_word' id='word_1_218' title='bbox 274 2947 364 3014; x_wconf 91' lang='lat' dir='ltr'>pedum</span> <span class='ocrx_word' id='word_1_219' title='bbox 376 2949 443 3013; x_wconf 91' lang='lat' dir='ltr'>pulsu</span> <span class='ocrx_word' id='word_1_220' title='bbox 451 2951 500 2998; x_wconf 87' lang='lat' dir='ltr'>visa</span> <span class='ocrx_word' id='word_1_221' title='bbox 510 2949 541 2997; x_wconf 86' lang='lat' dir='ltr'>est</span> <span class='ocrx_word' id='word_1_222' title='bbox 548 2950 609 2996; x_wconf 88' lang='lat' dir='ltr'>mihi</span> <span class='ocrx_word' id='word_1_223' title='bbox 620 2963 681 2997; x_wconf 89' lang='lat' dir='ltr'>terra</span> <span class='ocrx_word' id='word_1_224' title='bbox 691 2949 798 2999; x_wconf 76' lang='lat' dir='ltr'>movetis</span> 
     </span>
     <span class='ocr_line' id='line_1_33' title="bbox 239 3024 977 3091; baseline 0 -16"><span class='ocrx_word' id='word_1_225' title='bbox 239 3026 305 3075; x_wconf 85' lang='lat' dir='ltr'>Vera</span> <span class='ocrx_word' id='word_1_226' title='bbox 317 3025 481 3091; x_wconf 81' lang='lat' dir='ltr'>loquat,veti</span> <span class='ocrx_word' id='word_1_227' title='bbox 490 3029 531 3077; x_wconf 81' lang='lat' dir='ltr'>vix</span> <span class='ocrx_word' id='word_1_228' title='bbox 540 3027 650 3075; x_wconf 87' lang='lat' dir='ltr'>habitura</span> <span class='ocrx_word' id='word_1_229' title='bbox 660 3024 744 3075; x_wconf 87' lang='lat' dir='ltr'>fidem.</span> <span class='ocrx_word' id='word_1_230' title='bbox 947 3026 977 3070; x_wconf 82' lang='lat'>60</span> 
     </span>
     <span class='ocr_line' id='line_1_34' title="bbox 204 3102 779 3166; baseline -0.002 -11"><span class='ocrx_word' id='word_1_231' title='bbox 204 3102 325 3155; x_wconf 85' lang='lat' dir='ltr'>Constitit</span> <span class='ocrx_word' id='word_1_232' title='bbox 341 3119 395 3154; x_wconf 88' lang='lat' dir='ltr'>ante</span> <span class='ocrx_word' id='word_1_233' title='bbox 407 3104 507 3164; x_wconf 89' lang='lat' dir='ltr'>oculos,</span> <span class='ocrx_word' id='word_1_234' title='bbox 519 3107 580 3153; x_wconf 63' lang='lat' dir='ltr'>ailus</span> <span class='ocrx_word' id='word_1_235' title='bbox 587 3105 710 3156; x_wconf 87' lang='lat' dir='ltr'>velocibus</span> <span class='ocrx_word' id='word_1_236' title='bbox 721 3106 779 3166; x_wconf 88' lang='lat' dir='ltr'>alis,</span> 
     </span>
     <span class='ocr_line' id='line_1_35' title="bbox 237 3182 708 3250; baseline -0.006 -14"><span class='ocrx_word' id='word_1_237' title='bbox 237 3182 344 3236; x_wconf 88' lang='lat' dir='ltr'>Atlantis</span> <span class='ocrx_word' id='word_1_238' title='bbox 358 3185 441 3250; x_wconf 84' lang='lat' dir='ltr'>magui</span> <span class='ocrx_word' id='word_1_239' title='bbox 453 3183 610 3250; x_wconf 78' lang='lat' dir='ltr'>Pleionesque</span> <span class='ocrx_word' id='word_1_240' title='bbox 620 3199 708 3249; x_wconf 89' lang='lat' dir='ltr'>nepos:</span> 
     </span>
     <span class='ocr_line' id='line_1_36' title="bbox 759 3257 825 3322; baseline -0.045 -14"><span class='ocrx_word' id='word_1_241' title='bbox 759 3257 783 3308; x_wconf 93' lang='lat' dir='ltr'><strong>D</strong></span> <span class='ocrx_word' id='word_1_242' title='bbox 799 3259 825 3322; x_wconf 84' lang='lat' dir='ltr'>iij</span> 
     </span>
    </p>
   </div>
   <div class='ocr_carea' id='block_1_5' title="bbox 0 0 1188 3992">
    <p class='ocr_par' dir='ltr' id='par_1_11' title="bbox 0 0 1188 3992">
     <span class='ocr_line' id='line_1_37' title="bbox 0 0 1188 3992; baseline 0 0"><span class='ocrx_word' id='word_1_243' title='bbox 0 0 1188 3992; x_wconf 95' lang='lat' dir='ltr'> </span> 
     </span>
    </p>
   </div>
  </div>
 </body>
</html>
