2367 3992
294 479 363 556 164
412 469 901 542 OrrurrAruorvir

262 591 274 638 l
295 590 400 656 Utraque
412 591 518 642 formosa
525 593 559 642 est
570 611 576 642 ε
586 595 691 658 operosae
702 593 805 643 cultibus
815 595 892 644 ambae
903 612 910 642 e

324 670 439 731 Artibus,
450 673 476 720 in
489 669 563 720 dubio
574 671 622 730 est,
634 673 683 720 baec
694 675 741 732 sit,
753 673 854 732 anilla,
867 675 944 737 prior.

291 747 417 797 Pulchrior
432 751 476 797 hac
487 748 530 797 illa
539 749 570 797 est
578 767 585 796 ε
594 751 645 798 haec
654 749 686 798 est
696 766 791 816 quoque
801 749 926 815 pulchrior
936 746 999 799 illi:

324 825 356 875 Et
369 829 444 893 magis
461 828 510 876 baec
521 827 606 886 nobis,
616 831 641 876 &
651 830 727 892 magis
736 827 779 876 illa
788 827 879 892 placet.

293 904 397 964 Errant,
413 919 440 952 ut
455 908 532 954 ventis
545 902 694 952 discordibus
708 908 758 954 asta
769 905 875 964 faselos,

249 991 279 1024 ιο
326 981 506 1047 Dividuumque
517 997 598 1030 tenent
610 981 670 1030 alter
680 986 707 1030 ’ὅσ
721 982 868 1032 alteramur.

294 1056 360 1119 Quid
369 1063 476 1122 geminas
485 1095 494 1120 ,
503 1059 622 1122 Erycina,
633 1076 700 1107 meos
708 1062 759 1109 sine
769 1059 816 1109 fine
828 1058 926 1110 dolores
938 1062 949 1111 ἓ

325 1136 414 1186 Nonne
428 1151 478 1186 erat
488 1141 514 1208 iu
527 1154 594 1186 curas
604 1153 649 1185 una
659 1136 740 1202 puella
749 1139 821 1188 satis?

292 1212 359 1275 Quid
377 1216 437 1264 folia
448 1217 588 1276 arboribus,
601 1212 660 1280 quid
670 1215 743 1279 pleno
754 1213 830 1266 sidera
840 1216 925 1276 cerlo,

326 1293 355 1342 Iu
366 1294 426 1343 freta
437 1292 547 1344 colledas
563 1294 612 1342 alta
621 1291 680 1359 quid
690 1291 759 1343 addis
770 1297 861 1360 aquas?

248 1375 276 1428 15
295 1370 341 1422 Sed
352 1387 432 1421 tatnen
444 1371 603 1429 hamelius,
615 1368 690 1436 qudm
703 1373 783 1422 sisiue
794 1388 876 1421 amore
891 1373 1014 1438 jacerem:

328 1452 442 1501 Hostibus
452 1453 545 1502 eveniat
557 1453 609 1500 vita
617 1451 696 1498 severa
706 1454 775 1500 meis.

294 1528 407 1578 Hostibus
422 1532 515 1595 cycniat
526 1526 601 1578 viduo
612 1525 717 1576 dormire
727 1529 818 1590 cubili,

327 1606 359 1655 Et
370 1606 455 1656 medio.
461 1603 512 1656 laxe
523 1622 611 1670 ponere
620 1607 729 1655 membra
739 1621 804 1656 toro.

295 1683 328 1734 At
339 1687 400 1733 mihi
415 1686 487 1734 sevus
498 1701 565 1733 amor
575 1687 673 1735 somnos
684 1686 811 1751 abrumpat
822 1686 910 1737 inertes
920 1703 929 1737 t

202 1761 206 1769 '
248 1775 279 1811 ιο
328 1763 426 1829 Simque
435 1765 484 1811 mei
496 1763 550 1811 leui
559 1779 610 1812 non
623 1780 668 1828 ego
680 1763 743 1812 solus
753 1779 823 1812 onus.
899 1761 902 1766 ’

295 1841 338 1891 Me
349 1857 403 1890 mea
417 1839 552 1906 disperdat,
563 1841 632 1889 nullo
644 1842 803 1906 prohibente,
816 1839 917 1904 puella,

328 1922 353 1968 Si
364 1921 418 1968 satis
429 1936 475 1968 una
486 1919 580 1984 potest,
596 1921 704 1967 siminus
722 1935 782 1972 una,
799 1916 862 1967 duae.

296 1995 419 2046 Sufficiant
430 1995 545 2060 graciles,
556 1993 597 2044 sed
609 2013 659 2045 non
670 1999 720 2044 sirie
729 1995 818 2046 viribus
826 2029 836 2049 ‚
849 2009 932 2045 artus:

328 2071 451 2134 Pondere,
466 2091 517 2123 non
526 2075 622 2135 nervis,
634 2090 735 2139 corpora
743 2072 823 2123 nostra
836 2087 928 2123 carent.

249 2154 277 2201 ²5
297 2153 327 2202 Et
342 2153 410 2201 lateri
423 2152 490 2203 dabit
503 2147 598 2203 invites
608 2153 722 2202 alimenta
732 2151 853 2216 voluptas.
896 2195 900 2202 .

329 2228 436 2294 Decepta
448 2230 481 2279 est
489 2230 562 2295 operi
574 2231 641 2278 nulla
651 2230 731 2294 puella
740 2227 803 2277 mezi.

296 2309 362 2371 Saepe
372 2323 432 2371 ego,
447 2308 539 2358 lascivae
551 2311 679 2358 consumto
694 2307 906 2373 temperemus,

329 2385 403 2434 Utilis
416 2388 441 2435 δε
453 2386 511 2437 forti
522 2404 621 2453 corpore
632 2403 702 2435 mane
714 2387 760 2435 fui.

297 2463 380 2524 Felix,
391 2481 464 2530 quem
475 2465 574 2515 Veneris
585 2468 715 2515 certamina
723 2480 807 2514 mutua
818 2460 939 2531 perdunt!

251 2549 283 2596 3⁰
329 2540 364 2590 Di
375 2541 464 2592 faciant
476 2579 484 2603 ‚
495 2538 538 2592 leti
550 2545 658 2592 causatis
670 2544 712 2592 ista
726 2543 787 2591 mei!

295 2619 382 2670 Induat
396 2617 498 2670 adversis
509 2625 628 2670 contraria
637 2624 736 2686 pellora'
743 2620 797 2668 telis

327 2698 416 2758 Miles,
430 2703 454 2747 &
464 2714 578 2748 aeternum
590 2701 702 2764 sauguine
710 2715 799 2748 nomen
809 2713 883 2749 emat.

296 2776 392 2836 Quaerat
408 2793 492 2827 avarus
505 2775 615 2842 optet&
629 2794 682 2843 qua:
694 2775 783 2825 laisaris
793 2776 884 2827 arando

327 2854 450 2919 AEquora,
462 2860 556 2920 perJuro
567 2855 694 2919 naufragus
704 2871 745 2902 ore
756 2856 831 2904 bibat.

250 2943 277 2991 35
298 2930 330 2980 At
342 2933 403 2979 mihi
412 2934 537 2994 contingat
551 2933 650 2980 Veneris
660 2930 809 2994 languescere
819 2947 890 2984 motu
898 2950 906 2984 τ

331 3007 396 3056 Crlm
408 3008 513 3067 moriar,
525 3004 633 3056 medium
644 3007 754 3058 solvar&
765 3013 827 3060 inter
838 3028 909 3077 opus.

296 3088 375 3151 Atque
385 3081 470 3150 aliquis
482 3084 561 3133 nostro
574 3084 706 3149 lacrymans
717 3090 741 3137 in
753 3088 836 3139 funere
846 3088 912 3142 dicat
919 3108 930 3152 ς

328 3162 481 3216 Conveniens
487 3167 544 3217 vitae
553 3180 617 3214 mors
628 3164 674 3216 fuit
685 3166 728 3217 ista
738 3168 793 3220 suae.
