2367 3992
268 456 333 522 182
384 452 591 523 Ourorr
623 451 873 524 Auouurr

215 595 244 643 75
264 576 299 626 En
310 591 487 631 reuocauerat,
503 592 533 625 nc
546 576 625 624 turbet
638 591 693 641 toga
705 591 772 625 mota
782 575 903 640 capillos,

296 655 323 702 lr
335 655 427 704 nostros
439 653 510 703 abdas
521 669 543 703 te
554 654 611 703 licet
620 671 693 720 usque
704 658 776 703 sinus.

263 734 363 800 Jamque
375 749 457 798 patent
466 737 553 782 iterum
564 769 571 792 ‚
583 735 686 782 reserato
698 749 807 790 carcere,
818 730 910 796 postes.

298 812 384 861 Evolat
396 811 502 860 admissis
514 810 619 860 discolor
631 828 716 876 agmen
727 814 802 875 equis,

265 889 336 938 Nunc
348 891 431 939 saltem
441 891 537 953 supera,
551 890 675 953 spatioque
686 890 779 952 insurge
791 888 893 953 patenti.

218 960 249 1007 80
298 968 350 1015 Sint
363 984 432 1025 mea,
450 970 497 1014 sint
510 964 615 1014 dorninae
627 966 664 1014 fic
676 981 725 1016 rata
736 981 793 1014 vota
805 980 876 1013 meae.

265 1045 324 1092 Sunt
335 1043 439 1093 domine
452 1059 502 1093 rata
512 1060 570 1093 vota
580 1061 639 1092 meae
647 1063 654 1091 t
663 1061 716 1093 mea
726 1059 783 1094 vota
793 1046 933 1108 supersunt.

297 1122 340 1170 Ille
355 1139 419 1172 tenet
429 1123 534 1188 palmam
548 1141 553 1170 :
566 1122 645 1186 palma
661 1121 763 1187 petenda
775 1125 834 1170 mihi
846 1122 889 1170 est.

265 1200 343 1259 Risit,
356 1204 381 1248 ὅ(
394 1203 482 1264 argutis
493 1198 609 1266 quiddam
619 1203 729 1264 promisit
739 1200 831 1249 ocellis:

298 1278 353 1328 Hoc
366 1280 420 1328 satis
435 1278 493 1328 hle:
506 1279 554 1328 alio
566 1294 643 1328 cetera
653 1276 726 1328 redde
737 1279 803 1328 loco.

284 1419 971 1496 α--ψπ--ε-ε

440 1552 466 1614 E
486 1553 510 1612 L
530 1553 556 1613 E
575 1553 605 1614 G
625 1553 638 1612 I
657 1551 685 1613 A
725 1551 770 1612 ΙΙ
790 1550 814 1611 Ι.

267 1640 387 1762 Esse.
405 1713 487 1775 Deos,
499 1704 523 1774 i,
535 1715 605 1765 crede
617 1735 623 1764 ε
637 1713 710 1764 fidem
725 1717 803 1781 jurata
819 1713 911 1764 fefellit
927 1733 937 1768 ε

300 1791 331 1840 Et
341 1791 412 1840 facies
423 1793 476 1851 illi,
490 1811 543 1859 que
554 1793 600 1842 fuit
611 1809 682 1848 ante,
695 1808 784 1842 manet.

268 1869 350 1930 Qulm
365 1870 450 1935 longos
462 1873 546 1920 habuit
558 1871 668 1922 nondum
686 1875 781 1936 perjura
798 1869 919 1935 capillos,

302 1950 363 1997 'l'am
376 1950 479 2014 longor,
498 1950 624 2016 postquam
639 1953 737 1998 numina
752 1949 824 2007 lusit,
840 1949 924 1996 habet.

238 2043 249 2088 ς
270 2025 400 2085 Candida,
417 2026 546 2076 candorem
557 2030 625 2078 roseo
638 2028 724 2079 suffusa
733 2029 834 2088 rubore,

299 2103 360 2152 llnte
374 2106 437 2155 lletit
450 2124 458 2154 ,’
471 2109 541 2156 niveo
555 2107 618 2156 lucet
628 2111 652 2156 iu
665 2125 706 2156 ore
717 2109 799 2155 rubor.

266 2180 309 2229 Pes
322 2197 371 2230 erat
386 2187 483 2247 exiguus
496 2183 580 2249 :pedis
594 2187 626 2234 est
637 2189 758 2250 aptissima
769 2185 857 2234 forma.

298 2259 382 2323 Longa
396 2258 527 2327 decensque
545 2263 590 2312 fuit
604 2283 609 2310 :
623 2264 696 2328 longa
705 2262 838 2328 decensque
850 2279 946 2314 manet.

267 2335 370 2401 Argutos
381 2338 478 2396 habuit,
496 2338 588 2390 radiant
600 2357 626 2390 ut
638 2340 718 2401 silus,
732 2342 822 2390 ocellos
833 2359 841 2400 3

146 2457 153 2472 ,
221 2427 252 2461 ιο
302 2415 344 2462 Per
352 2432 412 2480 quos
424 2421 523 2466 mentita
536 2419 568 2466 cll
578 2418 668 2484 perfida
681 2422 740 2485 sepe
755 2423 824 2469 mihi.

269 2493 365 2543 Scilicet
384 2496 472 2544 aeterno
487 2497 572 2545 falsum
592 2504 669 2564 Jurare
687 2498 773 2563 puellis

302 2573 336 2622 Dl
348 2591 444 2641 quoque
461 2573 615 2636 concedlrnc3
632 2577 757 2643 formaque
776 2591 866 2624 numen
883 2575 971 2624 habet.

270 2652 360 2718 Perque
378 2656 430 2704 suos
441 2646 508 2704 illam
526 2673 600 2720 nuper
613 2653 699 2722 juralse
712 2653 841 2716 recordor,

303 2733 394 2797 Perque
407 2751 472 2781 meos
486 2735 571 2783 oculos
584 2753 591 2794 ¹,
608 2739 633 2783 &
646 2732 744 2783 doluere
756 2737 813 2782 mei.

221 2836 250 2882 ¹5
270 2808 350 2858 Dicite
363 2845 371 2869 ,
390 2810 442 2871 Dl3
458 2815 534 2862 sivos
549 2817 647 2878 impune
663 2812 776 2861 fefellerit
792 2811 853 2872 illa,

304 2886 406 2935 Alterius
419 2893 509 2937 meritis
522 2908 564 2939 cur
575 2909 620 2954 eg.)
632 2888 719 2938 damna
731 2891 793 2938 tuli?

270 2965 302 3013 At
315 2982 364 3013 non
375 2965 471 3014 invidiae
482 2969 550 3016 vobis
565 2967 673 3031 Cepheia
684 2971 752 3032 virgo
764 2969 812 3023 est,

304 3044 350 3093 Pro
360 3043 423 3094 male
436 3043 542 3093 formosi
554 3041 616 3110 julla
626 3061 722 3109 parente
735 3050 807 3095 mori.

271 3122 330 3173 Non
340 3123 394 3173 satis
410 3122 458 3183 est,
470 3121 538 3190 quod
546 3141 590 3176 vos
600 3125 673 3175 habui
686 3127 735 3174 siue
746 3124 851 3192 pondere
864 3126 951 3188 testes,-
