2367 3992
263 490 331 549 260
397 484 580 550 Orrnrr
618 481 844 549 NAsosrrs

294 604 397 671 Quoque
408 604 494 654 volunt
509 604 606 669 plorant
617 618 736 668 tempore,
757 617 855 668 quoque
872 595 954 648 modo.

261 681 344 743 Quid,
355 684 409 731 crim
420 682 527 748 legitimi
538 679 660 730 fraudatur
669 682 737 729 litera
749 697 822 734 voce,

293 760 413 826 Blaesaque
425 759 452 817 fit
462 757 523 825 juffo
537 759 620 824 lingua
630 761 710 807 coasia
723 760 797 807 sono?

215 835 291 894 295In
307 841 369 887 vitio
379 835 451 887 decor
462 838 509 896 est,
521 835 630 902 quaedam
645 836 707 886 mali
719 834 817 885 reddere
827 838 909 886 verba.

296 913 398 963 Discunt
410 913 475 980 posse
486 913 580 972 minsis,
596 914 670 980 quina
682 930 800 979 potuere,
818 914 896 980 loqui.

264 991 381 1040 Omnibus
391 993 426 1040 his
437 1026 445 1050 ,
461 994 575 1056 quoniam
587 993 703 1056 prosunt,
719 990 852 1058 impendite
863 1008 945 1040 cutam
956 1011 962 1041 r

297 1069 387 1118 Discite
399 1068 504 1117 femineo
515 1086 616 1134 corpora
631 1069 691 1116 ferre
702 1067 787 1134 gradu.

264 1147 304 1195 Est
323 1151 346 1195 δέ
358 1151 383 1195 in
392 1143 480 1195 incessu
492 1164 544 1212 pars
561 1164 610 1196 non
622 1144 750 1196 temnenda
762 1145 855 1198 decoris
866 1165 874 1197 r

220 1240 264 1286 300
298 1225 382 1274 allicit
395 1229 490 1290 ignotos
502 1226 559 1281 ille,
571 1225 684 1290 fugatque
696 1229 768 1275 vitos.

265 1302 322 1352 Haec
342 1319 423 1353 movet
436 1318 485 1352 arte
497 1303 575 1358 larus,
586 1306 719 1368 tunicisque
730 1298 861 1351 fluentibus
869 1317 937 1350 auras

298 1382 408 1447 Excipit3
421 1384 528 1430 extensos
539 1381 631 1446 fertque
642 1382 739 1446 superba
750 1377 830 1445 pedes.

267 1459 325 1519 illa,
337 1460 403 1508 velut
417 1459 505 1524 conjux
523 1460 609 1507 Umbri
626 1457 756 1507 rubicunda
770 1461 869 1518 mariti,

300 1540 430 1596 Ambulat3
441 1542 547 1603 ingentes
558 1539 637 1586 varica
647 1537 739 1602 fertque
750 1535 835 1601 gradus
844 1571 852 1590 ,

223 1614 312 1685 305Scd
324 1619 366 1674 sit,
380 1631 405 1663 ut
416 1619 440 1664 in
452 1615 544 1673 multis,
553 1613 639 1663 modus
648 1615 687 1662 hic
695 1631 791 1680 quoque
801 1633 806 1661 :
816 1614 915 1662 rusticus
928 1613 986 1662 alter

301 1695 384 1743 Motus
396 1711 404 1751 3
415 1696 439 1742 in
455 1690 542 1742 incesl'u
555 1693 654 1742 mollior
665 1693 725 1742 alter
737 1695 790 1742 etit.

269 1773 324 1822 Pars
334 1775 426 1821 humeri
439 1788 518 1821 tamen
532 1775 580 1820 ima
591 1775 641 1830 tui,
656 1788 708 1836 pars
718 1773 811 1818 summa
821 1768 905 1818 lacerti

297 1838 373 1900 Nuda
386 1854 430 1909 sit,
443 1867 456 1898 a
470 1851 528 1900 laeva
540 1847 707 1913 conspicienda
720 1865 801 1896 manu.

272 1928 325 1978 Hoc
340 1945 382 1978 vos
394 1927 526 1995 praecipui,
539 1932 613 1977 niveae
620 1963 628 1986 ,
640 1925 723 1976 decet:
735 1929 781 1974 hoc
793 1926 833 1972 ubi
842 1921 914 1983 vidi,

225 2025 270 2072 3¹0
304 2007 391 2056 Oscula
406 2007 466 2056 ferte
477 2010 591 2065 humero,
606 2005 654 2071 qui
664 2020 744 2070 patet,
758 2002 913 2069 usquelibet.

273 2085 379 2134 Monstra
390 2089 460 2134 maris
473 2088 563 2134 Sirenes
576 2099 644 2133 erant
653 2120 661 2142 ‚
671 2099 723 2149 quae
733 2098 793 2130 voce
804 2080 894 2130 canori

306 2163 445 2222 Quamlibet
462 2161 571 2212 admissas
583 2159 705 2211 detinuere
716 2174 786 2209 rates.

272 2239 367 2288 Hls'sua
377 2239 510 2303 Sisyphides
525 2238 611 2288 auditis
622 2257 688 2305 paene
704 2239 802 2288 resolvit

305 2316 429 2381 Corpora:
443 2333 498 2364 nam
511 2319 578 2365 sociis
588 2316 651 2365 illita
664 2333 716 2365 cera
728 2317 782 2364 fuit.

229 2395 320 2464 315Rcs
331 2395 363 2443 est
371 2392 458 2443 blanda
468 2410 539 2442 canor
551 2413 557 2441 ι
570 2393 663 2442 discant
674 2409 767 2442 cantate
778 2392 863 2458 puellce
875 2412 883 2441 r

307 2469 357 2522 Ptol
369 2472 429 2522 facie
439 2472 522 2521 multis
531 2489 578 2520 vox
588 2474 628 2520 sua
639 2472 692 2520 lena
704 2472 757 2521 suit.

274 2551 306 2600 Et
321 2549 397 2601 modb
409 2554 547 2599 marmoreis
558 2551 662 2598 reserant
673 2549 754 2598 audita
764 2552 861 2598 theatris
874 2569 881 2598 ι

307 2631 338 2679 Et
357 2629 432 2679 modb
443 2630 541 2678 Niliacis
553 2632 658 2678 carmina
670 2626 720 2675 lusa
731 2626 819 2675 modis.

274 2709 326 2758 Nec
338 2710 452 2773 plebitum
464 2707 561 2767 dextri,
574 2710 689 2755 cithatam
700 2703 798 2754 tenuisse
809 2705 903 2754 sinistri

231 2809 275 2856 3²0
309 2788 404 2836 Nesciat
421 2789 518 2836 arbitrio
535 2786 624 2835 femina
635 2783 704 2839 dosia
715 2800 779 2832 meo.

278 2868 335 2914 Saxa
349 2863 455 2928 ferasque
470 2866 520 2926 lyri
532 2867 609 2913 movit
620 2861 774 2926 Rhodopeius
784 2861 909 2925 Orpheus,

311 2943 482 3005 Tartareosque
493 2941 556 2989 lacus
568 2976 574 2998 ‚
588 2944 793 3005 tergeminumque
805 2954 900 2986 canem.

279 3025 337 3069 Saxa
348 3035 390 3067 tuo
401 3030 489 3070 cantu,
505 3014 591 3064 vindex
605 3016 728 3079 iustissime
743 3017 843 3075 mattis,
912 3054 915 3059 .

312 3099 426 3145 Fecerunt
441 3110 522 3141 mutos
541 3091 647 3142 officiosa
662 3111 747 3143 novos.

228 3175 394 3237 325Quasnvis
407 3187 485 3221 mutus
498 3188 562 3234 etat,
576 3175 629 3226 voci
641 3169 722 3224 favisse
733 3185 830 3237 putatur
