2367 3992
263 465 332 532 282
373 458 575 528 Ovrnrr
603 458 866 523 Nasonis

260 583 421 649 Temporibus
431 582 501 630 certis
512 577 613 628 desebias
623 577 706 642 alligat
716 577 816 635 herbas,

294 663 326 713 Et
342 662 435 712 tonsam
447 675 500 708 raro
513 659 605 724 pefflne
614 659 688 705 verrit
698 657 810 704 humum.

261 741 314 808 Ipse
328 755 395 805 potes
413 740 485 803 riguis
496 736 604 802 plantam
618 732 736 800 deponere
748 737 775 781 in
792 733 887 791 hortis,

295 821 345 886 ipse
362 833 429 884 potes
439 808 502 865 rivos
512 812 599 863 ducere
612 813 672 862 lenis
684 828 760 878 aquae.

215 897 360 948 ¹95Venerit
372 897 468 954 insitio,
483 894 521 942 sae
531 908 624 941 ramum
633 907 712 940 ramus
722 888 836 958 adoptet,

294 976 391 1040 Stetque
406 973 533 1038 peregrinis
544 970 616 1018 arbor
630 983 714 1034 operta
725 973 813 1018 comis.

261 1050 326 1102 cum
341 1051 412 1099 semel
423 1053 473 1098 baec
484 1049 591 1096 animum
603 1050 678 1112 coepit
688 1047 794 1097 mulcere
804 1047 915 1113 voluptas
922 1079 932 1107 ,

293 1128 420 1177 Debilibus
430 1129 513 1193 pennis
524 1129 604 1175 irritus
615 1129 663 1174 exit
675 1130 757 1175 Amor.

261 1205 307 1254 Vel
320 1221 345 1254 tu
360 1203 463 1256 venandi
474 1203 577 1254 studium
588 1204 657 1253 cole:
667 1207 726 1270 saepe
737 1207 833 1254 recessit
851 1233 856 1243 ·

215 1297 263 1332 200
296 1285 409 1350 Turpiter
420 1302 433 1334 a
448 1283 532 1332 Pboebi
543 1285 605 1332 rista
615 1284 695 1332 sorore
706 1284 797 1332 Venus.

263 1361 334 1412 Nunc
350 1363 458 1428 leporem
471 1378 573 1428 pronum
584 1362 666 1411 catuio
678 1363 763 1409 sceiere
774 1363 852 1426 sagaci
859 1377 869 1422 ;

296 1439 368 1490 Nunc
386 1456 426 1490 tua
442 1438 562 1489 frondosis
573 1443 632 1488 retia
647 1437 719 1488 tende
728 1443 800 1505 jugis.

263 1519 312 1568 Aut
327 1517 425 1583 pavidos
437 1534 498 1567 terre
508 1515 574 1566 varii
591 1515 722 1565 formidine
733 1532 832 1575 cervos,

297 1598 345 1644 Aut
360 1593 429 1644 cadat
442 1592 645 1659 adversi-cuspide
656 1591 730 1645 fossus
738 1612 802 1660 aper.

218 1671 341 1736 ro5Notie
355 1672 481 1739 fatigatum
498 1675 612 1731 somnus,
626 1686 676 1722 non
687 1674 856 1739 curapueliae,

298 1751 408 1816 Excipit,
421 1755 446 1800 bt
458 1753 538 1816 pingui
551 1753 659 1799 membra
669 1753 749 1816 quiete
760 1750 833 1802 levat.

265 1831 352 1880 lenius
368 1831 400 1879 est
410 1829 527 1889 studium,
539 1828 642 1878 studium
654 1845 751 1888 tamen,
765 1829 822 1878 alite
835 1832 922 1896 capti,

299 1909 346 1957 Aut
364 1910 428 1967 lino,
445 1923 487 1960 eut
498 1909 595 1957 calamis
608 1911 702 1972 praemia
720 1924 792 1973 parra
806 1910 883 1976 sequi.

266 1986 329 2045 vei,
346 2005 398 2053 quae
410 1990 478 2052 piscis
489 1987 547 2036 edax
556 1985 628 2035 uvido
639 1985 701 2034 male
710 1984 809 2037 devoret
819 2005 862 2037 ore
873 2025 883 2050 ‚

220 2082 268 2115 210
302 2064 393 2114 Abdere
410 2067 524 2131 supremis
539 2080 584 2113 erra
606 2079 703 2112 recurva
721 2065 788 2113 cibis.

267 2143 315 2191 Aut
331 2145 385 2202 bis,
400 2159 441 2192 aut
456 2143 526 2202 aliis,
543 2141 620 2192 donec
636 2139 737 2190 dediscis
751 2159 846 2204 amare,

301 2219 352 2283 Ipse
364 2220 407 2268 tibi
421 2221 503 2269 furtim
520 2217 673 2285 decipiendus
686 2223 739 2269 eris.

268 2297 307 2347 Tu
324 2311 417 2348 tuntum
433 2302 457 2357 i,
475 2300 582 2363 quamvis
592 2298 665 2346 firmis
676 2300 806 2348 retinebere
816 2299 904 2350 vinciis
915 2317 923 2350 ε

301 2377 311 2424 l
322 2376 423 2441 procul,
440 2380 463 2424 ὃ(
476 2375 558 2441 longas
571 2393 664 2441 carpere
673 2394 743 2442 perge
753 2382 812 2425 vias.

222 2454 360 2514 215Flebis‚
375 2469 402 2502 ut
414 2470 523 2503 occurret
533 2453 629 2504 desertae
640 2471 730 2503 nomen
741 2457 840 2514 amicae3

302 2533 378 2581 Stabit
396 2537 419 2581 bt
432 2536 457 2581 in
470 2530 549 2581 media
563 2550 603 2597 pes
619 2534 662 2581 tibi
675 2534 733 2597 saepe
743 2536 792 2580 via.

270 2609 316 2660 Sed
327 2627 418 2676 quanto
434 2615 512 2660 minus
528 2614 562 2661 ire
578 2611 660 2669 voles,
677 2613 752 2675 magis
764 2613 797 2658 ire
808 2626 949 2662 memento:

303 2689 384 2739 Perfer
395 2725 403 2749 ,
413 2695 436 2740 ἃ
447 2693 534 2739 invitos
546 2706 638 2739 currere
650 2705 709 2754 coge
720 2687 799 2754 pedes.

269 2766 321 2816 Nec
333 2768 423 2830 pluvias
434 2773 512 2823 vites:
525 2784 567 2818 nec
579 2783 602 2817 te
616 2771 736 2832 peregrina
746 2782 873 2817 morentur

223 2871 236 2906 2
240 2874 270 2905 20
305 2847 420 2907 Sabbata,
432 2864 474 2896 nec
489 2845 582 2896 damnis
596 2845 658 2895 ,titia
668 2862 726 2895 nota
737 2846 792 2894 suis.

272 2923 323 2973 Nee
336 2939 397 2988 quot
409 2929 527 2974 transieris
536 2960 544 2983 ,
553 2923 593 2974 sed
605 2940 666 2992 quot
676 2927 736 2983 tibi,
748 2943 844 2991 quaere,
858 2931 990 2993 supersint,

307 3001 402 3050 Millia:
413 3018 471 3061 nec,
483 3019 612 3052 maneatur
624 3021 714 3068 prope,
729 3002 792 3067 finge
803 3021 892 3054 moras.

272 3081 393 3144 Tempora
404 3096 447 3128 nec
459 3097 571 3139 numera,
584 3098 627 3130 nee
643 3079 727 3130 crebro
743 3083 831 3145 respice
842 3083 947 3132 Romam
959 3099 970 3145 3

242 3179 243 3182 ¹
304 3156 350 3209 Sed
361 3157 502 3225 ingesturus
516 3158 593 3211 adhuc
603 3161 706 3239 i'artiurs
718 3161 747 3210 ab
756 3160 822 3210 hoste
834 3159 892 3228 fugi
904 3162 947 3212 est.
