2367 3992
270 532 534 600 Heliorum.
559 532 636 600 Er.
660 532 816 602 XVIII.
838 559 898 602 101

183 651 235 702 Aut
244 669 291 718 ego
301 669 353 702 non
362 656 420 704 novi
426 687 434 712 ,
446 652 520 718 quim
531 656 562 703 sit
573 657 725 715 temerarius,
736 670 778 705 aut
788 673 827 705 me

217 733 246 780 ln
261 732 323 781 freta
333 747 383 780 non
399 746 481 780 cautus
495 747 551 781 tunc
568 749 664 798 quoque
674 735 757 782 mittet
764 735 848 783 Amor.
910 745 955 786 ¹90

184 808 254 859 Neve
268 823 337 874 putes
352 805 378 857 id
387 825 442 870 me,
454 807 521 874 quocl
529 810 608 866 abest,
615 813 756 874 promittere
767 828 878 877 tempus3

176 949 182 954 ,
218 887 323 952 Pignori
333 886 437 951 polliciti
448 903 498 936 non
511 887 554 936 tibi
567 886 634 937 tarda
643 887 716 938 dabo.

184 962 221 1013 Sit
237 962 360 1015 tumidum
368 967 449 1030 paucis
459 968 532 1014 etiam
541 979 605 1014 nunc
612 967 721 1016 nostibus
729 983 811 1034 aequor
821 1001 831 1029 ‚

216 1042 254 1090 Ire
263 1059 306 1106 per
316 1045 403 1094 invitas
413 1046 559 1108 experiemur
569 1060 651 1109 aquas.

184 1117 235 1168 Aut
244 1121 306 1168 mihi
316 1123 442 1186 continget
452 1120 509 1169 felix
520 1118 618 1170 audacia
625 1122 690 1172 salvo
700 1142 709 1183 3

217 1198 267 1246 Aut
275 1214 342 1247 mors
353 1197 440 1263 soliciti
455 1197 509 1246 finis
520 1201 608 1247 amoris
618 1203 671 1249 erit.

185 1273 283 1338 Optabo
296 1291 377 1325 tamen
387 1290 415 1326 ut
424 1291 501 1340 partes
509 1275 613 1341 expellar
622 1279 648 1325 in
657 1277 725 1338 illas,

217 1351 250 1400 Et
267 1367 363 1405 teneant
373 1368 455 1419 portus
468 1353 582 1418 naufraga
590 1355 700 1404 membra
709 1369 772 1404 tuos.

184 1428 265 1478 Flebis
275 1435 355 1491 enirn,
367 1433 568 1496 tactuquemeum
583 1430 711 1496 dignabere
721 1447 821 1497 corpus:
901 1449 903 1451 ¹

218 1507 266 1568 Et,
285 1508 388 1568 Mortis,
400 1507 463 1559 dices
475 1544 483 1569 ‚
496 1513 551 1559 buic
561 1526 606 1574 ego
616 1513 685 1560 causa
695 1511 741 1560 fui.

184 1586 283 1636 Scilicet
293 1586 403 1636 interittis
415 1584 544 1637 offenderis
552 1591 634 1637 omine
643 1589 716 1639 nostri
725 1607 732 1638 t

217 1664 346 1732 Litetaque
355 1667 432 1715 invisa
441 1666 474 1715 est
484 1668 527 1714 bac
538 1684 590 1715 mea
602 1681 668 1731 parte
677 1668 729 1716 tibi.

183 1741 278 1793 Desino
287 1760 295 1803 ;
309 1759 379 1808 parce
390 1745 457 1809 queri
467 1741 520 1793 :sed
528 1748 552 1793 ὃ(
564 1757 591 1792 ut
601 1761 666 1793 mate
676 1742 744 1794 finiat
754 1747 830 1798 iram.

219 1820 343 1872 Accedant
350 1857 359 1883 ‚
372 1823 468 1888 queso,
481 1822 518 1871 fac
527 1836 634 1872 tuavota
645 1824 712 1870 meis.

178 1899 246 1948 ,Pace
257 1900 324 1950 brevi
334 1900 404 1948 nobis
411 1915 471 1965 opus
481 1899 513 1948 est
522 1935 530 1959 ‚
541 1897 600 1955 (luni
608 1899 736 1949 transferor
745 1897 805 1947 iub:

218 1975 286 2027 Ctlm
301 1992 343 2027 tua
356 1981 480 2042 contigero
492 1978 564 2028 litura
573 2013 581 2038 ,
591 1978 677 2043 perstet
687 1979 773 2027 biems.

182 2054 241 2104 Illic
251 2055 285 2104 est
295 2069 379 2122 aptum
390 2056 474 2105 nostrae
483 2056 566 2107 navale
577 2060 678 2106 carinaet
706 2054 709 2058 ’

218 2134 252 2183 Et
263 2134 427 2205 meliur'nulli
438 2132 482 2183 stat
493 2150 546 2182 mea
554 2137 640 2198 puppis
649 2133 720 2200 aqui.

182 2213 240 2262 Illic
252 2229 291 2262 me
304 2211 401 2263 claudat
410 2213 511 2271 Boreas,
523 2214 564 2261 ubi
574 2211 643 2262 dulce
652 2214 757 2262 morari:

218 2292 290 2340 Tunc
303 2294 370 2356 piger
381 2289 412 2340 ad
426 2288 548 2351 nendum,
561 2305 618 2340 tunc
634 2307 679 2356 ego
692 2305 774 2340 cautus
787 2305 837 2339 ero.

182 2367 239 2419 Nec
251 2367 339 2417 faciam
347 2366 422 2419 surdis
432 2371 539 2419 convicia
550 2367 660 2418 fluiiibus
671 2368 733 2418 ulla:

218 2446 295 2496 Triste
306 2461 416 2499 nataturo
428 2463 472 2496 nec
483 2463 566 2512 querar
577 2444 623 2496 effe
635 2445 733 2495 fretum.

183 2526 229 2575 Me
239 2527 328 2590 pariter
337 2529 523 2584 remiremont,
536 2529 670 2590 pariterque
681 2523 778 2573 lacerti:

218 2606 264 2653 Per
275 2605 354 2653 causat
366 2605 416 2653 illic
426 2601 588 2669 Impediarque
600 2600 667 2652 duas.

183 2682 253 2737 Crim
263 2685 367 2748 patietur
380 2683 473 2741 hiems,
484 2684 555 2728 remis
566 2680 611 2744 ego
622 2679 729 2744 corporis
739 2692 800 2726 utar.

217 2761 313 2809 Lumen
323 2763 350 2809 in
364 2762 456 2826 aspectu
467 2774 493 2807 tu
504 2756 580 2806 modi>
592 2760 684 2822 semper
693 2758 763 2806 habe.

182 2838 279 2890 Interea
289 2855 333 2903 pro
345 2855 383 2888 me
392 2840 515 2904 pernoctet
526 2836 624 2902 epistola
634 2851 731 2894 tecum3

218 2915 300 2978 Quam
310 2932 394 2984 precor
405 2931 432 2968 ut
442 2914 544 2967 minimi
554 2918 682 2982 prosequar
694 2917 742 2980 ipse
752 2913 829 2964 mori.

445 3101 627 3224 &iffi
703 3144 707 3149 ’

749 3254 844 3342 tuj‘·
