2367 3992
268 524 332 592 342
394 500 570 574 PARIS
607 503 837 570 OEuouffi.

260 618 406 689 Deprensum
421 622 518 689 Coniux
532 623 601 673 illam
615 627 640 672 in
651 624 763 673 Mavorte
773 620 887 671 dolebati

294 701 402 750 'festibus
414 701 452 750 hic
466 703 534 752 Divis
550 719 605 751 cum
619 703 678 750 Jove
693 701 788 767 quessue
805 713 863 748 erat.

213 782 228 824 6
233 790 243 837 5
262 776 315 828 Iam
327 777 395 828 dolet
407 784 430 828 ὃ(
444 781 555 836 Mavors,
568 796 639 830 terras
650 779 762 845 ultroque
773 777 890 842 reliquit,

295 857 402 906 Prrtulir
415 858 531 906 Anchisen
543 861 598 906 huit
614 858 721 906 habitura
738 856 818 904 suum.

262 935 380 982 Anchisen
393 949 505 998 propter,
524 934 602 983 voluit
619 935 726 983 formosa
738 931 833 982 videri:

294 1010 398 1076 Visaque
412 1011 463 1076 post
477 1011 550 1060 latam
565 1015 639 1075 jacuit
651 1010 702 1062 ulta
716 1009 795 1060 deam.
805 1013 821 1044 ¹*

260 1086 327 1150 Quid
336 1093 424 1138 mirum
436 1089 468 1140 est
480 1087 581 1156 potuisse
590 1091 661 1139 Parin
672 1089 827 1138 succumbere
838 1088 928 1148 Amori,

213 1181 246 1228 70
295 1167 410 1217 Immums
428 1170 469 1218 iub
483 1185 532 1234 quo
547 1184 595 1216 non
611 1167 658 1216 fuit
672 1169 723 1231 ipsa
736 1172 841 1231 parens?

261 1244 341 1308 Quam
358 1248 422 1295 iaesus
434 1246 557 1295 Menelaus
573 1259 653 1299 amat,
669 1259 719 1293 non
734 1242 802 1293 laesus
817 1245 901 1294 amavi.

296 1323 395 1390 Adice,
411 1339 460 1374 non
473 1325 528 1373 laeso
543 1321 610 1389 quod
623 1338 705 1372 comes
715 1323 771 1388 ipsa
786 1321 842 1371 suit.

262 1401 296 1452 Et
307 1419 425 1468 magnos,
443 1401 529 1461 video,
547 1404 613 1465 cogit
626 1402 687 1448 mihi
705 1416 772 1465 rapta
789 1399 917 1449 tumuitus:

297 1483 447 1546 Armataeque
464 1494 549 1544 petunt
564 1478 678 1542 Pergama
689 1477 759 1526 mille
773 1491 844 1527 rates.

214 1570 244 1621 75
263 1555 320 1605 Non
335 1564 418 1606 vereor
430 1557 487 1605 belli
498 1573 527 1605 ne
542 1556 636 1604 nonsit
652 1557 721 1604 causa
732 1552 874 1620 probandae

262 1711 287 1762 sl
301 1713 362 1760 mihi
377 1711 443 1760 nulla
459 1709 535 1772 fides,
554 1726 657 1761 armatos
673 1711 761 1775 respice
772 1706 876 1759 Atridae.
910 1754 914 1766 ,

295 1789 375 1848 Quam
386 1791 430 1839 ribi
442 1793 474 1838 sic
487 1804 614 1854 repetunt,
625 1793 658 1839 ric
669 1786 801 1839 metuenda
811 1790 871 1838 mihi
881 1787 919 1837 eii.

263 1865 337 1929 Quod
351 1871 370 1917 si
383 1865 501 1917 verrendae
518 1868 582 1932 spem
594 1870 682 1916 mentis
696 1869 804 1931 concipis
818 1868 901 1933 hujus,

215 1946 247 1996 80
296 1945 348 1997 Cur
363 1944 451 1996 ceffant
466 1947 544 1994 herbae
555 1952 564 1997 ἰ
576 1948 681 1994 carmina
691 1961 763 1994 curve
775 1948 835 1993 rua?

263 2022 328 2073 Nam
347 2038 369 2072 te
385 2039 428 2073 nec
446 2023 528 2072 Phoebi
547 2020 667 2071 sollertior
680 2023 771 2071 artibus
785 2020 836 2073 ulla
847 2020 878 2071 est
890 2039 899 2081 3

296 2101 453 2167 Phoebeaeque
467 2100 567 2154 Hecates
582 2101 674 2165 sumnia
691 2115 747 2150 vera
765 2099 843 2150 vides.

264 2179 356 2227 Tecum
373 2177 510 2237 sideribus,
529 2192 609 2226 tecum
624 2175 741 2226 deducere
758 2178 855 2228 Lunam

299 2255 425 2311 Nubibus,
443 2260 466 2303 bc
479 2256 579 2304 memini
592 2251 726 2320 surripuiffe
744 2253 820 2304 diem.

217 2331 245 2397 ἲς
265 2333 391 2383 Pascebam
408 2347 507 2381 tauros:
524 2335 634 2398 interque
651 2348 759 2382 armenta
774 2333 857 2383 leones

298 2411 414 2476 Obstupui
427 2408 534 2476 placidos
550 2411 650 2460 vocibus
663 2413 697 2459 irc
715 2414 772 2460 tuis.

267 2489 333 2551 Quid
348 2505 410 2539 retro
427 2489 550 2538 Xanthum
564 2523 572 2548 ‚
590 2502 654 2536 retro
668 2489 792 2539 Simoenta
805 2504 918 2542 vocamur

300 2569 416 2635 Adjiciam
435 2569 514 2617 cursus
532 2582 582 2615 non
598 2563 696 2614 renuiffe
713 2568 789 2617 suos?

267 2651 317 2714 Ipse
332 2664 399 2715 pater
414 2646 527 2704 Cebren,
541 2659 602 2693 narae
614 2643 676 2692 male
691 2659 756 2694 tutus
773 2647 803 2696 ab
819 2663 882 2704 ore,

217 2747 250 2790 ,ο
299 2727 413 2778 Cantatae
428 2727 521 2791 quoties
537 2721 621 2770 restitit
635 2723 697 2770 inter
715 2739 807 2789 aquas:

269 2805 338 2853 Nunc
350 2805 416 2853 locus
429 2803 526 2850 OEnonae
538 2801 586 2860 est,
597 2815 660 2849 nunc
672 2800 741 2850 illam
751 2802 865 2865 ostende,
878 2802 963 2871 parebis

300 2885 354 2934 Sive
369 2897 423 2932 tuos
438 2885 503 2947 ignes
517 2878 621 2946 pellere,
642 2879 691 2927 eive
704 2895 782 2931 meos.

504 3056 700 3120 FlNiS.
