2367 3992
275 478 403 549 Erana
428 479 478 551 II.
505 474 673 549 Eracnr
698 481 819 552 XVII.
849 508 912 574 173

134 659 136 662 ’
226 641 903 716 «ξι-ψει»

340 786 595 851 ELEGIA
634 787 795 850 XVII.

204 875 240 999 S
250 967 259 999 r
271 950 331 1016 quis*
341 953 400 1013 erit,
416 955 536 1019 quiturpe
547 966 616 1017 putet
626 953 712 1002 servire
721 949 826 1017 puelle,

229 1029 277 1079 lllo
289 1035 418 1081 convincar
430 1030 508 1096 judice
521 1035 596 1097 turpis
604 1047 659 1096 ego.

199 1108 245 1156 Sim
255 1109 314 1157 licet
326 1109 440 1168 infamio
453 1107 511 1158 dum
522 1127 561 1158 me
572 1107 719 1159 moderatitls
731 1121 801 1169 urat,

228 1186 288 1247 Quae
298 1188 399 1252 Paphon
413 1191 438 1236 δι
450 1185 521 1237 flurin
532 1187 600 1252 pulsa
610 1186 718 1250 Cythera
728 1203 803 1236 tener.

196 1263 272 1331 rltque
285 1269 381 1315 urinam
391 1264 496 1315 domina
507 1268 561 1314 miti
572 1282 668 1331 quoque
681 1265 760 1330 praeda
769 1260 864 1314 fuiffem
875 1263 882 1313 l
936 1286 947 1328 5

225 1344 348 1393 Formosa
356 1347 471 1409 quoniam
479 1342 560 1409 praeda
569 1343 663 1393 futurus
676 1361 750 1393 eram.

193 1419 241 1470 Dat
253 1421 325 1470 facies
334 1424 439 1471 animos:
448 1421 519 1472 facies
527 1421 636 1473 violenta
650 1421 782 1484 Corinna,

227 1499 237 1566 (
247 1501 291 1550 Mc
306 1501 451 1568 miseruml)
468 1517 510 1550 cur
521 1501 553 1550 est
563 1518 613 1551 tam
624 1503 683 1551 bene
693 1517 752 1551 nota
763 1502 823 1550 sibi?

192 1579 291 1629 Scilicet
302 1597 315 1628 a
329 1580 417 1645 speculi
429 1582 554 1630 sumuntur
564 1584 670 1646 imagine
684 1581 769 1630 fastus:

223 1655 275 1706 Nec
290 1661 335 1706 nisi
347 1663 506 1724 compositam
518 1662 541 1707 se
549 1660 613 1725 priris
623 1660 666 1709 illa
677 1659 753 1709 vider.
822 1709 827 1719 ,
932 1680 962 1711 ro

189 1736 248 1786 Non
259 1739 304 1787 ribi
318 1741 337 1786 si
348 1738 418 1787 facies
430 1741 534 1787 nimium
545 1736 587 1787 dat
599 1741 625 1786 in
634 1742 717 1787 omnia
727 1742 811 1803 regni,

223 1815 234 1883 (
241 1816 279 1865 0!
297 1817 367 1866 facies
378 1817 462 1866 oculos
473 1831 530 1865 nata
542 1830 621 1864 tenere
635 1817 728 1878 meos.)

186 1893 316 1946 Collatum
327 1895 418 1946 idcirco
429 1897 473 1945 tibi
484 1912 522 1943 me
533 1909 687 1942 contemnere
698 1891 778 1942 deber.

220 1976 304 2039 Aptari
317 1978 410 2040 magnis
423 1973 537 2024 inferiora
548 1973 614 2022 licet.

185 2050 302 2102 Creditur
316 2058 340 2103 &
355 2053 484 2117 Nymphe,
500 2051 609 2101 mortalis
619 2067 715 2116 amore,
730 2048 851 2116 Calypso,
930 2065 955 2108 15

219 2130 298 2196 Capta
311 2166 319 2191 ‚
336 2131 491 2180 relndantem
503 2127 628 2180 detinuille
639 2133 728 2180 virum.

183 2207 301 2259 Creditur
318 2226 453 2275 aequoream
465 2210 553 2258 Phthio
565 2207 669 2258 Nereida
679 2211 747 2274 regi,

218 2288 330 2355 Egeriam
346 2289 406 2355 justo
423 2285 576 2338 concubuisse
588 2287 693 2348 Numae,

182 2366 296 2416 Vulcano
314 2369 432 2416 Venerem
445 2387 450 2416 :
463 2371 591 2433 quamvis,
605 2367 693 2418 incude
707 2366 804 2429 relidi,

217 2445 331 2510 Turpiter
344 2433 445 2512 obliquo
457 2444 575 2496 claudicet
588 2445 630 2494 illc
644 2444 714 2511 pede.
924 2461 955 2493 ao

181 2522 306 2574 Carminis
319 2527 365 2574 hoc
375 2528 453 2590 ipsum
465 2541 538 2590 genus
549 2527 626 2589 impar
635 2544 641 2572 r
650 2523 691 2572 sed
701 2539 782 2574 tamen
793 2523 847 2591 apti

215 2603 228 2651 J
231 2608 326 2668 ungitur
335 2604 421 2653 herdus
431 2622 487 2653 cum
498 2605 607 2652 breviore
617 2600 703 2652 modo.

178 2682 221 2732 Tu
236 2700 333 2750 quoque
345 2700 398 2745 me,
410 2700 463 2750 mea
474 2683 529 2741 lux,
541 2684 567 2730 in
578 2681 697 2746 quaslibet
709 2682 789 2745 accipe
801 2680 881 2747 leges:

216 2761 252 2811 Te
262 2760 346 2812 deceat
356 2760 438 2810 medio
448 2764 500 2827 jura
514 2757 604 2809 dediffe
618 2775 682 2808 toro.
813 2813 816 2820 ¹

178 2839 240 2891 Non
251 2841 295 2890 tibi
306 2843 396 2890 crimen
407 2857 462 2894 ero,
474 2855 518 2888 nec
530 2855 579 2904 quo
591 2837 670 2886 lactere
682 2852 792 2888 remoto:
921 2854 947 2903 25
1023 2853 1026 2859 ·

214 2919 272 2968 Non
282 2922 327 2969 erit
339 2921 378 2967 hic
391 2920 460 2970 nobis
473 2915 616 2967 inficiandus
627 2934 704 2967 amor.

178 2999 233 3048 Sint
243 2999 287 3047 tibi
303 3015 346 3063 pro
358 3013 446 3062 magno
456 2998 535 3047 felicia
550 2999 656 3046 carmina
667 2999 754 3048 censu:

212 3075 243 3124 Et
253 3076 336 3125 multae
350 3094 392 3141 per
404 3094 444 3124 me
456 3093 545 3127 nornen
556 3078 642 3126 habere
653 3077 749 3128 volunt.

178 3153 246 3206 Nou
261 3156 384 3224 aliquam,
398 3171 450 3227 qnae
462 3156 485 3208 se
500 3155 653 3210 circumferat
663 3152 709 3206 effe
722 3155 867 3207 Corinnam

721 3231 781 3298 Huj
