2367 3992
221 357 279 410 Du
301 339 419 413 Am
445 340 639 411 Aurum
665 344 704 412 L.
733 344 765 412 I.
807 350 874 433 2'17

159 460 258 513 Pectora
272 462 332 515 dum
342 461 462 529 gaudent,
479 480 522 513 nec
534 466 588 514 sunt
599 463 690 514 astrisia
701 463 803 523 dolote,

193 542 246 606 Ipsa
261 557 356 607 patent:
367 541 455 591 blanda
467 559 518 592 turn
531 544 594 592 subit
608 558 658 592 arte
674 544 765 592 Venus.

160 617 241 678 Tum,
250 621 305 668 crim
317 621 386 669 tristis
399 635 464 680 erat,
476 619 572 671 defensa
581 622 615 670 est
625 622 682 670 llios
692 626 777 671 armiss

193 698 314 747 Militibus
324 697 449 763 gravidum
463 699 517 747 laeta
527 704 618 764 recepit
628 716 727 765 equum.

158 773 227 823 'sum
240 792 336 842 quoque
349 774 463 826 tentanda
475 777 524 835 est,
538 775 594 825 etim
607 778 693 842 pellice
704 778 758 828 lasa
768 776 925 856 dolebit=355

194 853 259 901 Turn
271 853 342 902 facies
358 855 445 918 operia,
454 871 484 902 ne
495 857 525 904 sit
536 855 628 914 inulta,
644 856 696 905 rui.

159 929 230 980 Hanc
239 935 371 981 matutinos
382 935 474 996 pedens
485 933 574 983 ancilla
582 934 684 998 capillos

194 1009 296 1068 latitet,
310 1013 340 1059 ’δι
347 1011 403 1067 yelo
413 1012 510 1072 remigis
518 1007 592 1058 addat
603 1027 684 1074 opem.

161 1084 209 1146 Et,
228 1089 308 1136 secum
320 1090 386 1136 tenui
396 1087 512 1150 suspirans
523 1102 659 1145 murmure,
671 1086 756 1148 dicat3

194 1164 228 1214 Ut
239 1181 300 1230 puto
314 1200 321 1224 ,
334 1181 384 1213 non
397 1167 485 1229 poteris
496 1166 546 1228 ipsa
554 1163 641 1213 referre
653 1168 743 1216 vitem.
884 1190 931 1236 350

161 1244 226 1294 Tum
238 1241 269 1292 de
279 1256 302 1291 te
313 1256 392 1290 narret
403 1259 409 1290 r
423 1256 474 1290 turn
485 1239 649 1306 persuadentia
656 1243 729 1292 verba

194 1319 292 1379 Addam
306 1322 424 1368 &insano
434 1324 496 1384 juret
505 1337 587 1369 amore
597 1324 669 1372 mori.

162 1395 209 1447 Sed
223 1414 351 1463 properet,
363 1414 393 1446 ne
409 1400 463 1448 vela
473 1396 576 1458 cadant,
588 1415 698 1466 auraeque
706 1398 821 1451 residants

194 1474 230 1524 Ut
244 1474 333 1541 fragilis
345 1475 449 1540 glacies,
463 1479 544 1526 interit
554 1480 588 1528 ira
601 1479 680 1527 mori.
737 1517 739 1519 >

162 1554 256 1616 Qumis
267 1589 275 1612 ,
287 1571 317 1602 an
327 1556 389 1602 hanc
402 1555 478 1618 ipsam
493 1557 569 1618 prosit
581 1557 672 1604 violare
683 1556 829 1606 ministram

195 1633 295 1682 Talibus
306 1631 414 1682 admissis
425 1633 476 1681 alea
487 1631 581 1696 grandis
591 1635 668 1682 inest.‘

163 1711 221 1764 Haec
236 1729 252 1761 a
266 1714 395 1761 concubitu
407 1709 435 1759 fit
446 1708 545 1768 sedula;
556 1709 648 1760 tardior
660 1712 701 1760 illa
711 1730 717 1760 s

197 1790 255 1839 Haec
270 1789 374 1839 dominae
389 1805 475 1838 munus
487 1803 510 1837 te
519 1804 603 1854 parat,
618 1788 661 1839 illa
668 1791 724 1838 sibi.

163 1867 240 1921 Casus
252 1871 279 1917 in
289 1884 373 1918 eventu
387 1868 434 1917 est:
447 1866 505 1916 licet
514 1870 564 1916 baec
572 1866 696 1933 indulgeat
707 1870 783 1929 ausis,

197 1946 335 1998 Consilium
349 1962 429 1998 tarnen
437 1947 470 1996 est
479 1943 614 1995 abstinuisse
625 1963 716 1995 meum.
886 1963 930 2027 3⁸⁶

164 2025 223 2076 Non
239 2043 285 2091 ego
296 2042 337 2090 per
347 2041 449 2091 preceps
460 2030 483 2073 δι
497 2040 565 2074 acuta
576 2028 700 2074 cacumina
708 2022 796 2075 vadam
807 2042 815 2073 s

196 2104 250 2154 Nec
262 2109 376 2170 juvenum
387 2106 526 2170 quisquam,
539 2119 578 2151 me
589 2100 666 2158 duce,
677 2118 759 2168 captus
769 2105 823 2151 erit.

165 2185 189 2234 Si
200 2199 283 2233 tamen
292 2181 335 2231 illa
348 2185 408 2240 tibi,
420 2179 478 2231 dum
490 2179 532 2230 dat
542 2184 672 2247 recipitque
683 2181 799 2241 tabellas,

197 2259 323 2325 Corpore,
334 2251 385 2308 non
399 2259 492 2308 tantdm
508 2258 649 2320 sedulitate,
661 2261 756 2325 placet;

167 2338 211 2395 Fac
222 2336 323 2388 domiui
334 2341 424 2402 potiare
435 2341 512 2401 prius,
526 2354 608 2386 corrres
619 2338 662 2386 illa
675 2340 794 2404 sequatur.

198 2415 257 2465 Non
267 2416 311 2464 tibi
320 2419 350 2462 ab
360 2415 448 2463 ancilla
458 2415 489 2462 est
499 2413 634 2483 incipienda
647 2416 735 2464 Venus.

167 2493 220 2543 Hoc
232 2510 308 2542 unum
318 2508 406 2541 moneo
416 2526 424 2549 ‚
438 2489 476 2557 (si
487 2489 546 2556 quid
556 2490 633 2541 modb
643 2490 748 2542 creditur
758 2495 803 2542 arti
809 2527 819 2554 ,
845 2511 848 2517 ·

198 2569 251 2620 Nec
263 2586 319 2618 mea
328 2567 391 2617 dicta
399 2585 469 2632 rapax
480 2584 521 2632 per
531 2585 596 2618 mare
605 2586 690 2619 ventus
702 2575 752 2636 agit
764 2572 789 2641 r)

167 2648 214 2698 Aut
224 2665 274 2697 non
287 2649 397 2704 tentaris,
408 2661 450 2694 aut
460 2645 546 2711 perfice
557 2665 563 2694 r
577 2648 670 2697 tollitur
681 2647 768 2710 index,

199 2725 266 2776 Cim
280 2724 353 2772 semel
363 2726 388 2771 in
399 2739 490 2788 partem
505 2727 610 2773 criminis
620 2728 670 2790 ipsa
683 2731 757 2778 venit.

167 2802 224 2852 Non
236 2805 285 2850 avis
293 2800 391 2850 xutiliter
401 2803 495 2852 viscatis
508 2801 594 2868 effugit
606 2803 663 2854 alis:

200 2880 258 2929 Non
276 2883 335 2928 bene
350 2877 379 2928 de
394 2879 452 2928 laxis
468 2883 569 2930 cassibus
581 2886 629 2932 erit
639 2900 703 2949 aper.

166 2959 265 3008 Saucius
275 2972 369 3022 arrepto
380 2959 449 3022 piscis
462 2973 567 3009 teneatur
577 2962 607 3008 ab
617 2962 699 3012 hamo.

199 3035 320 3098 Perprime
336 3050 452 3089 tentatam
465 3052 526 3089 :nec
533 3070 543 3102 ,
554 3040 600 3091 uisi
612 3042 704 3103 sistor,
717 3045 765 3095 abt,

199 3114 267 3164 Tom·
283 3115 307 3166 1.
732 3115 753 3170 l(

884 1592 926 1638 375

886 2764 931 2814 39·
