2367 3992
205 504 264 559 De
291 490 407 562 Anne
434 491 626 562 AMANDI
644 489 756 560 LII.
789 509 852 579 245

180 629 193 659 c
203 612 330 662 maledi&
340 630 396 678 puta
406 650 414 674 ‚
427 631 470 662 nec
478 616 575 663 verbera
586 614 647 662 ferre
656 611 742 677 puelle

178 691 269 755 Turpe,
281 709 324 740 trec
340 690 370 740 :ld
381 707 474 740 teneros
485 689 728 755 osculnferrerpedes.
786 708 789 715 ¹

182 767 208 818 id
224 779 308 818 moror
319 774 344 818 iu
356 774 449 835 parvis?
464 773 555 819 animus
566 770 697 834 majoribus
709 767 788 816 instet.
863 764 905 810 555

178 848 264 912 lingua
275 865 358 896 canam
371 862 440 897 :toto
451 851 559 913 pedore,
576 847 680 912 vulgus,-
696 843 761 894 ades.

178 924 221 974 lua
239 926 356 974 molimur
367 945 374 974 ε
386 924 427 976 sed
436 925 519 985 nulla,
535 929 579 975 niti
594 923 685 983 ardua,
696 925 780 973 virtus·

178 1002 286 1053 Difficilis
300 1003 378 1053 nostrd
393 1006 497 1069 poscitur
511 1012 568 1054 arte*
575 1004 652 1053 labor.
717 1041 721 1050 .

178 1082 250 1131 talem
269 1087 385 1147 patienter
398 1084 458 1130 habe
469 1100 477 1139 3
492 1085 591 1131 viuoria
602 1096 682 1130 tecum

178 1161 250 1209 Stabit
262 1179 269 1206 r
282 1162 502 1224 erismngnivillor
516 1163 542 1206 in
552 1159 689 1206 arceJovis.
860 1170 907 1213 540

178 1255 196 1293 re
214 1240 259 1286 tibi
271 1253 323 1286 uon
334 1239 475 1293 hominem,
491 1233 531 1284 sed
542 1252 642 1300 quercus
658 1232 727 1283 crede
744 1233 851 1296 Pelasgas

178 1315 276 1363 Diceret
288 1313 323 1362 nil
336 1315 383 1361 istis
393 1330 429 1362 ars
440 1329 493 1362 mea
506 1318 581 1378 majus
590 1314 672 1362 habet.

178 1408 226 1442 ruet
240 1393 302 1450 illa,
317 1392 392 1441 feras:
402 1392 500 1450 scribet,
512 1407 542 1439 ne
553 1406 623 1456 tange
635 1389 732 1439 tabellas
744 1407 751 1438 ε

178 1469 247 1521 Unde
265 1470 344 1530 libet,
361 1473 441 1520 veniat
453 1488 459 1518 t
471 1469 568 1535 qubque
587 1469 690 1528 libebit,
707 1483 754 1516 eat.

178 1566 196 1599 »c
214 1548 361 1614 inlegitima
372 1549 478 1613 praestent
488 1564 560 1596 uxore
571 1550 667 1606 mariti3
700 1547 702 1551 '
769 1561 771 1564 ·
865 1561 908 1608 545

178 1625 241 1677 Ctlm
257 1643 341 1682 tener,
353 1625 383 1675 ad
394 1641 468 1690 partes
477 1641 503 1675 tu
514 1643 611 1692 quoque
622 1661 630 1685 ‚
646 1628 746 1685 somne,
757 1627 833 1674 venis.

178 1722 194 1755 .c
214 1721 277 1770 ego,
299 1703 431 1762 confiteor,
449 1721 499 1752 non
514 1706 566 1752 sum
580 1704 695 1768 perfectus
709 1708 734 1752 in
744 1718 803 1752 arte.

178 1782 242 1844 Quid
256 1781 356 1830 faciam?
368 1785 466 1830 monitis
475 1784 526 1829 sum
536 1785 617 1829 minor
624 1783 672 1844 ipse
684 1784 753 1828 meis.

178 1877 217 1910 ene
228 1859 308 1926 palam
318 1860 401 1908 nostrae
415 1856 457 1908 det
465 1861 591 1924 quisquam
603 1861 670 1922 signe
680 1856 781 1921 puellae?

178 1923 208 1988 ile
218 1942 309 2004 patiar?
320 1956 363 1987 nec
374 1956 413 1986 me
424 1938 534 2004 quolibet
545 1941 581 1986 ira
592 1936 672 1985 ferat?
864 1951 911 1997 550

178 2017 234 2066 'cula
244 2020 281 2069 vir
292 2015 403 2076 dederat,
416 2019 534 2075 memini,
545 2017 600 2064 suus
611 2033 617 2062 ε
629 2013 709 2063 oscula
721 2013 814 2078 questus

178 2096 236 2142 Sum
251 2090 321 2143 data:
331 2095 437 2143 barbarie
450 2094 527 2143 noller
540 2090 646 2142 abundat
653 2109 731 2141 amor.

178 2189 203 2222 rn
218 2173 291 2221 sernel
305 2174 450 2237 bocssvitium
462 2175 546 2221 nocuit
557 2174 633 2221 milri:
646 2170 739 2221 dostior
748 2169 808 2231 ille,
840 2168 845 2177 ⁴

178 2251 234 2311 Quo
242 2253 342 2300 veniunt
356 2251 396 2299 alii
408 2251 551 2299 conciliante
562 2253 624 2301 viro.

178 2327 292 2381 dinelius
309 2327 404 2377 nescille
420 2328 480 2378 fuit:
496 2332 545 2378 sine
556 2329 621 2378 furta
632 2344 758 2394 tegantur,
866 2342 908 2387 555
925 2362 929 2373 .

178 2406 215 2454 Ne
229 2405 306 2470 fugiat
315 2409 378 2455 viiio
390 2404 460 2454 falsus
472 2408 501 2455 ab
511 2424 552 2456 ore
560 2405 647 2471 pudor.

178 2500 202 2532 ιο
213 2487 305 2548 magis,
325 2483 341 2533 ὃ
352 2485 358 2532 l
371 2488 481 2549 juvenes,
493 2483 639 2549 deprendere
651 2488 739 2549 parcite
749 2485 844 2535 vestras.

178 2563 296 2611 Peccent:
309 2577 433 2626 peccantes
447 2562 519 2610 verba
531 2559 621 2610 dedille
630 2577 724 2626 putent.

178 2640 240 2689 *escit
251 2657 319 2688 amor
330 2642 432 2702 prensis:
446 2639 486 2686 ubi
496 2653 539 2702 par
549 2638 647 2688 fortuna
657 2637 761 2688 duorum
768 2638 818 2700 est,

178 2717 207 2767 ln
223 2720 293 2768 eausa
310 2714 392 2765 damni
405 2716 490 2780 perstat
505 2730 604 2781 uterque
612 2718 657 2765 sui.
866 2719 911 2769 550

178 2796 236 2845 bula
251 2808 359 2844 narratur
375 2809 427 2843 toto
441 2797 566 2843 notissima
576 2793 649 2844 coelo.
709 2818 712 2829 =

178 2874 317 2924 Mulciberis
333 2875 396 2936 capti
407 2873 518 2938 Marsque
529 2872 656 2938 Venusque
666 2871 738 2922 dolis.

178 2969 211 3001 ars
228 2967 310 3017 pater,
325 2951 408 2998 insano
419 2951 516 2999 Veneris
528 2950 635 3000 turbatus
645 2968 743 3013 amore,

179 3031 218 3079 De
230 3029 290 3079 duce
307 3028 406 3078 terribili
423 3028 495 3078 ladius
509 3043 602 3078 amator
615 3047 673 3080 erat.

178 3126 199 3158 tc
210 3109 290 3169 Venus
301 3111 394 3166 oranti,
407 3110 555 3172 nequeenim
567 3107 619 3156 Dea
629 3109 728 3158 mollior
738 3108 788 3158 ulla
795 3109 844 3171 esi,
865 3114 893 3166 56
897 3120 908 3166 5

178 3185 275 3239 Rustica
289 3185 411 3249 Gradivo,
423 3183 558 3239 difficilisre
569 3185 625 3236 fuit.
649 3199 651 3202 ·
688 3250 743 3300 L'''

718 3267 745 3316 ιι)
