2367 3992
268 484 334 551 392
384 461 590 531 Ovrorr
618 459 857 530 NAsorsrs

264 566 366 635 Induitis
377 581 443 633 collo
453 580 543 647 lapides
555 581 654 631 Oriente
670 596 779 647 paratos:

290 660 328 710 'Et
341 675 442 726 quantos
453 663 524 710 oneri
540 659 573 708 est
583 676 639 709 aure
653 655 732 708 tulisse
748 657 820 712 duos.

263 737 316 790 Nec
332 753 413 788 tamen
428 736 576 804 indignum,
594 741 613 786 si
628 738 697 787 vobis
707 754 763 787 cura
776 735 911 803 placendi;

295 816 360 868 Ctlm
382 830 477 867 comtos
487 817 589 865 habeant
601 815 679 864 secula
689 815 769 865 nostra
778 817 854 867 viros.

216 905 244 955 25
263 894 375 944 feminei
390 895 459 944 vestri
475 893 599 958 poliuntur
615 893 667 958 lege
681 895 779 943 mariti:

295 973 326 1021 Et
341 975 381 1021 vix
393 969 424 1021 ad
436 971 513 1020 cultus
529 986 605 1035 nupta
617 1006 625 1028 ,
641 968 709 1034 quod
720 968 815 1031 addat,
830 970 910 1020 habet.

262 1047 334 1098 Proin
346 1048 368 1097 se
381 1064 480 1114 quaeque
491 1063 590 1112 parent3
604 1064 647 1096 nec
659 1065 709 1114 quo
723 1063 842 1098 venentur
857 1064 948 1098 amores
953 1081 963 1109 ‚

295 1126 394 1176 Refert:
408 1124 532 1175 munditia
544 1129 648 1175 crimina
656 1125 724 1176 nulla
733 1141 838 1176 merent.

262 1206 325 1254 Rure
339 1205 429 1266 latent,
445 1203 586 1271 finguntque
600 1205 766 1253 comas21icet
781 1203 871 1254 arduus
882 1203 934 1253 illas

215 1294 245 1340 30
295 1283 366 1336 Celet
380 1285 473 1343 Athos,
484 1282 559 1332 cultas
570 1283 632 1332 altus
643 1282 740 1331 habebit
750 1281 838 1331 Athos.

262 1361 302 1413 Est
316 1364 388 1413 etiarn
404 1359 516 1428 placuisse
535 1362 579 1410 sibi
591 1375 769 1427 quotacumque
779 1359 912 1425 voluptas:

295 1442 433 1506 Virginibus
451 1439 519 1489 cordi
530 1454 644 1504 grataque
655 1439 785 1488 formasua
794 1438 837 1487 est.

262 1515 380 1567 Laudatas
393 1519 486 1567 homini
503 1517 608 1565 volucris
619 1517 722 1564 Junonia
732 1531 820 1580 pennas

293 1594 419 1660 Explicat3
438 1598 463 1642 bc
481 1594 562 1642 sormi
572 1608 639 1642 muta
652 1594 756 1658 superbit
768 1595 827 1643 avis.

216 1672 242 1720 35
262 1674 300 1724 Sic
310 1672 389 1739 potitis
407 1688 450 1721 nos
471 1686 523 1721 uret
538 1688 624 1730 amor,
636 1670 710 1736 quim
726 1671 829 1720 fortibus
840 1670 933 1732 herbis,

295 1752 359 1814 Quas
369 1767 439 1816 maga
455 1751 555 1799 terribili
570 1751 676 1798 subsecat
686 1764 736 1799 arte
747 1765 843 1797 manus.

262 1829 314 1880 Nec
330 1847 374 1880 vos
389 1829 552 1895 graminibus,
570 1844 613 1876 nec
624 1830 701 1877 mixto
716 1824 806 1876 credite
816 1828 907 1877 succo:

295 1907 345 1957 Nec
365 1922 454 1956 tentare
471 1909 633 1960 nocensvirus
645 1908 746 1954 amantis
757 1920 834 1970 equae.

261 1985 313 2035 Nec
328 1984 414 2035 media·
429 1986 515 2033 Marsis
527 1981 651 2033 finduntur
660 1985 767 2032 cantibus
778 1999 883 2048 anguese

212 2067 245 2112 4ο
293 2063 345 2113 Nec
360 2061 422 2112 redit
437 2063 551 2112 insontes
563 2060 628 2111 unda
638 2064 720 2127 supina
731 2064 794 2111 suos.

261 2141 293 2190 Et
308 2145 416 2206 quamvis
433 2141 518 2207 aliquis
537 2142 658 2190 Temesaea
673 2144 875 2202 removentur,

293 2217 434 2285 Numquam
455 2219 520 2266 Luna
534 2221 580 2266 suis
597 2221 728 2268 excutietur
742 2221 819 2285 equis.

260 2295 340 2344 Prima
350 2298 381 2344 sit
398 2298 424 2343 in
433 2296 501 2344 vobis
512 2312 609 2344 morum
626 2296 717 2357 tutela,
734 2296 820 2362 puellae
831 2315 839 2346 e

293 2374 393 2440 ingenio
404 2372 475 2422 facies
486 2373 629 2423 conciliante
641 2375 727 2439 placet.

211 2467 241 2513 45
261 2451 347 2504 Certus
357 2469 425 2501 amor
438 2468 534 2502 morum
545 2452 577 2500 est
588 2472 595 2500 ε
608 2452 712 2502 sormam
722 2451 878 2518 populabitur
888 2467 943 2503 aetas
950 2483 960 2514 ‚

292 2531 324 2581 Et
338 2531 438 2596 placitus
450 2533 512 2595 rugis
521 2531 602 2580 vultus
613 2547 691 2580 aratus
702 2534 756 2580 erit.
839 2583 842 2589 ,

260 2610 366 2673 Tempus
378 2612 437 2670 erit,
451 2626 500 2675 quo
509 2626 552 2659 vos
564 2609 687 2673 speculum
697 2607 782 2658 vidisse
796 2611 908 2676 pigebit3

292 2688 324 2736 Et
334 2691 415 2737 veniet
424 2692 488 2753 rugis
497 2687 570 2737 altera
583 2689 652 2736 causa
662 2723 670 2747 ,
682 2685 762 2737 dolor.

260 2763 352 2814 Sufficit
363 2801 371 2825 ,
390 2771 414 2816 δι
427 2766 526 2831 longum
536 2769 642 2831 probitas
655 2763 767 2831 perdurat
777 2768 803 2815 in
813 2783 915 2827 aevum3

214 2847 225 2895 5
229 2847 244 2880 0
293 2844 394 2908 fertque
412 2846 464 2894 suos
480 2861 569 2893 annos:
582 2847 638 2893 hinc
650 2846 709 2893 bene
723 2843 813 2910 pendet
824 2862 903 2895 amor.

260 2920 331 2970 Disce
350 2937 409 2985 age,
428 2922 484 2970 crim
496 2938 589 2971 teneros
604 2925 701 2972 somnus
716 2921 834 2974 dimiserit
846 2939 930 2986 artus,

293 2997 406 3049 Candida
420 3017 469 3066 quo
480 3004 571 3065 possint
582 3018 624 3050 ora
635 3005 710 3052 nitere
721 3000 807 3051 modo.

261 3077 376 3139 Hordea,
388 3095 440 3145 quae
452 3079 535 3141 Libyci
546 3081 635 3129 ratibus
650 3082 733 3129 misere
748 3081 846 3136 coloni,

294 3157 358 3208 Exue
370 3155 400 3208 de
411 3158 480 3224 palea
490 3158 680 3225 tegminibusque
690 3159 745 3209 suis.
