2367 3992
271 488 327 540 nn
341 469 456 543 Arm·
471 468 661 541 Annum
681 471 719 540 L.
742 472 813 540 III.
849 476 920 536 261·

238 594 323 642 Piscis:
334 597 435 648 Arionire
449 593 528 641 fabula
536 609 597 641 nota
610 593 675 652 lyrae.

204 671 277 721 Disce
288 677 360 721 etiam
372 671 462 736 duplici
474 671 576 735 genialia
588 671 666 720 nausia
676 668 758 738 palmi

239 752 338 801 Vtrrore
348 770 353 799 t
364 753 510 804 conveniunt
523 747 633 802 dulcibus
645 747 687 795 illa
703 749 772 811 jocis.

205 831 242 878 Sit
256 831 300 878 tibi
318 829 479 886 Callimachi,
502 830 532 874 sit
547 825 599 876 Coi
615 841 672 874 nota
688 831 781 890 po‘e'tae,

239 910 275 958 Sir
291 923 386 972 quoque
403 908 480 953 vinosi
496 906 556 953 Teia
573 905 643 952 Musa
656 905 727 952 senis.
928 906 974 951 330

206 983 273 1032 Nota
286 987 316 1032 sit
333 988 357 1033 bc
370 985 463 1048 Sappho
476 1002 481 1029 :
494 980 553 1047 quid
565 985 629 1030 enim
641 982 749 1032 lascivius
757 979 820 1036 illl?

240 1060 317 1111 Cuive
328 1078 393 1126 pater
407 1061 468 1109 vafri
484 1059 574 1108 luditur
590 1076 639 1125 arte
652 1062 728 1110 Getae.
804 1057 806 1060 ’

207 1141 239 1189 Et
259 1143 333 1188 teneri
343 1142 416 1202 postis
427 1154 523 1190 carmen
534 1134 616 1204 legisse
628 1129 753 1202 Properti:

242 1220 296 1266 Sive
309 1213 400 1279 aliquid
415 1214 496 1272 Calli,
513 1217 577 1272 sivo,
591 1214 705 1272 Tibulle,
724 1230 801 1262 tuum.

208 1297 326 1359 Distaque
341 1294 442 1342 Varroni
457 1291 530 1340 fulvis
541 1294 644 1354 insignia
657 1291 722 1341 villis
931 1302 940 1345 ς
948 1299 974 1345 35

243 1372 339 1420 Vellera
352 1405 359 1428 ,
371 1386 504 1434 germnnae,
520 1369 626 1430 Phryne,
635 1367 755 1435 querenda¹
768 1384 823 1417 tuae.
911 1425 915 1434 ι

208 1451 240 1500 Et
250 1449 380 1514 profugum
397 1447 505 1509 AEnenn,
521 1447 574 1498 nltae
585 1446 720 1496 Primordia
731 1449 831 1508 Rom25

244 1527 299 1586 Quo
312 1526 405 1574 nullum
422 1525 492 1573 Latio
504 1524 588 1574 clarius
603 1526 676 1575 exstat
685 1542 754 1591 opus.

210 1605 319 1652 Forsitan
334 1607 358 1657 ὃς
373 1601 479 1650 nostrum
493 1619 581 1651 nomen
596 1605 735 1652 miscebitur
751 1603 813 1665 iilis,

244 1680 295 1728 Nec
308 1696 361 1727 mea
378 1680 462 1728 Letaeis
473 1682 557 1744 scripta
569 1680 688 1730 dabuntur
698 1685 774 1746 aquis.
933 1681 978 1728 34²

210 1756 290 1822 Atque
308 1757 393 1822 aliquis
408 1755 488 1817 dicet,
501 1757 580 1805 Nostri
594 1759 644 1823 lege
655 1759 719 1807 culta
736 1759 841 1823 magistri

245 1833 378 1892 Carmina,
391 1832 445 1899 quis
456 1849 533 1897 partes
545 1835 638 1882 instruit
648 1835 690 1882 ille
700 1833 767 1883 duas.

211 1911 280 1960 Deve
295 1911 369 1971 tribus
384 1911 469 1969 libris,
484 1910 567 1960 titulus
578 1928 638 1981 quos
648 1915 727 1975 signat
735 1914 867 1968 Amorum,

245 1991 332 2054 Elige,
345 1987 412 2054 quod
423 1988 498 2038 docili
512 1990 620 2042 molliter
632 2007 672 2038 ote
685 1989 756 2054 legas.

213 2069 260 2120 ver
272 2071 315 2117 tibi
328 2067 462 2139 compositi
478 2084 585 2118 cantetur
597 2069 701 2133 Epistola
711 2085 787 2122 vocet
938 2079 979 2125 345

248 2149 360 2213 ignotum
375 2151 421 2197 hoc
437 2148 488 2197 aliis
501 2147 542 2197 ille
552 2151 652 2199 novavit
667 2165 735 2212 opus.

216 2227 253 2276 ΟΞ
268 2231 315 2282 ita,
332 2229 437 2285 Phoebe,
452 2226 527 2275 velis!
538 2230 572 2276 ita
584 2244 627 2276 vos
638 2263 645 2286 ,
658 2229 696 2292 pia
707 2230 807 2276 numina
816 2240 898 2277 varum
909 2260 918 2286 ‚

249 2306 348 2368 insignis
365 2321 439 2353 cornu
451 2305 558 2365 Bacche,
571 2322 706 2370 novemque
717 2305 787 2354 Deae!
889 2295 891 2299 .

218 2383 276 2447 Quis
288 2381 398 2442 dubiret,
411 2385 540 2448 quinscire
551 2385 625 2433 velim
636 2384 720 2432 saltare
731 2381 854 2447 puellam?

251 2460 286 2510 Ut
301 2476 398 2509 moveat
409 2464 488 2525 posito
500 2462 596 2510 brachia
607 2458 668 2526 julla
679 2478 745 2508 mero
755 2464 763 2508 Ξ
851 2509 864 2517 ‚⁴
941 2475 986 2522 350

218 2537 327 2597 Artifices
344 2537 439 2592 latetis,
457 2540 531 2586 sccnae
543 2537 690 2602 spcfflcuh,
710 2553 835 2587 amantur:

253 2615 359 2666 Tantum
372 2615 494 2665 mobilitas
510 2615 552 2666 illa
563 2614 656 2670 decoris
669 2617 750 2670 habet,

220 2696 295 2744 Parva
309 2710 408 2752 monere
419 2690 509 2759 pudet,
521 2693 626 2750 talorum
640 2691 725 2742 ducere
736 2695 809 2757 jasius

254 2770 288 2819 Ut
302 2773 374 2830 sciat,
393 2775 417 2819 δε
431 2774 507 2830 vires,
526 2767 608 2820 tessera
620 2767 703 2829 milla,
717 2786 776 2819 tuas.
792 2757 796 2763 ¹

221 2851 253 2902 Et
271 2849 345 2898 morib
356 2865 400 2918 tres
410 2852 480 2915 jaciet
491 2866 615 2899 numeros:
626 2846 701 2897 modb
712 2852 817 2913 cogitet,
830 2849 883 2914 apti
943 2857 985 2903 355

255 2929 334 2988 Quam
346 2930 427 2976 subeat
438 2943 531 2993 partem
546 2925 651 2985 callida,
664 2944 783 2993 quamque
794 2943 873 2977 vocet.

220 3008 348 3072 Cautaque
359 3005 487 3067 nonliiulrb
500 3006 622 3056 latronum
633 3005 718 3070 proelia
727 3003 810 3054 ludat:

254 3080 322 3134 Unus
339 3083 394 3133 crim
406 3087 502 3153 gemino
514 3083 619 3133 calculus
634 3085 701 3131 hoste
715 3086 785 3146 perit.

221 3163 373 3230 Bellatorque
384 3160 425 3213 sui
434 3163 530 3233 prensus
541 3164 591 3212 sine
605 3178 716 3233 compare
726 3159 814 3223 bellat,
880 3233 882 3237 ι
