2367 3992
313 617 648 739 ErrsToL'r
696 616 1013 740 sncunol.

294 843 297 850 ’
345 844 680 905 DEMOPHOON
716 844 970 907 PHYLLIDI.
1048 794 1049 801 ¹

304 962 464 1080 Portum
478 1027 641 1096 Demophoon
649 1005 725 1096 patrii
736 1027 840 1082 dimittit
849 1030 880 1082 ab
888 1035 943 1082 urbe
954 1051 961 1082 ε

336 1109 367 1160 Et
379 1113 480 1175 patriam
495 1114 607 1159 meminit
617 1114 721 1159 muneris
731 1109 777 1160 effe
788 1114 833 1161 tui.

303 1187 354 1238 Nec
371 1189 422 1238 face
437 1183 606 1252 Demophoon
612 1188 675 1246 aiii,
689 1205 732 1237 nec
741 1192 845 1254 coniuge
856 1203 950 1254 captus,

335 1264 382 1315 Sed
392 1281 441 1316 tam
453 1283 501 1315 non
513 1266 586 1324 felix,
599 1265 672 1331 quim
685 1268 728 1315 tibi
739 1281 812 1316 notus
821 1281 880 1317 erat.

239 1388 245 1399 ,
272 1357 283 1405 5
302 1345 407 1401 Thesea,
422 1345 489 1410 (quo
501 1343 583 1393 socero
596 1347 770 1409 nequicquam,
782 1344 879 1406 Phylli,
895 1344 1006 1401 tumebat,

335 1422 504 1487 impuleritque
515 1424 581 1486 ignes
592 1421 691 1470 forsitan
702 1421 744 1469 ille
755 1436 826 1480 tuos;
837 1421 847 1488 )

301 1499 382 1564 Turpe
391 1502 441 1563 pati
450 1500 535 1557 nobis,
546 1515 620 1563 regno
634 1498 695 1546 ferus
705 1497 797 1562 expulit
807 1499 908 1564 hospes:

335 1577 404 1625 Hunc
415 1577 452 1624 illi
463 1576 535 1624 finem
547 1576 619 1638 longa
628 1577 717 1624 senesta
726 1570 807 1626 'dedit

300 1653 348 1715 Qui
366 1651 442 1702 modo
459 1652 578 1718 peltiferas
589 1650 652 1701 fudit
663 1651 790 1703 Meotidas
804 1656 891 1716 armis,

254 1749 283 1783 ro
333 1729 422 1781 Alcidae
439 1735 539 1797 magni,
557 1748 607 1780 non
618 1734 697 1780 minor
705 1733 770 1796 ipse,
782 1748 873 1782 comes.

299 1810 348 1871 Qui
363 1811 471 1859 socerum
490 1808 574 1858 Minoa
586 1813 653 1874 gravi
664 1811 707 1858 sibi
719 1808 777 1858 fecit
791 1811 821 1858 ab
833 1809 916 1872 hoste,

331 1889 460 1938 Mirantem
476 1888 573 1937 monstri
583 1904 671 1936 cornua
681 1890 741 1936 vista
756 1887 800 1937 sul.

298 1966 392 2030 Arguor
406 1967 482 2016 exsilii
490 1967 500 2032 (
508 1969 560 2032 quis
574 1963 667 2015 credat?
679 1975 688 2026 )
701 1968 769 2014 causa
779 1963 866 2015 fuisse:

331 2045 382 2094 Nec
398 2050 497 2095 taciturn
510 2045 581 2093 frater
591 2061 630 2092 me
639 2047 695 2092 sinit
710 2041 756 2092 elle
768 2061 849 2093 reum:

252 2134 279 2181 15
297 2120 364 2170 Dum
376 2123 493 2171 thalamos
506 2157 514 2180 ,
529 2125 628 2188 inquit,
642 2119 732 2170 dilestae
744 2120 869 2184 Phyllidos
882 2137 959 2188 urges»

330 2198 360 2247 Et
371 2213 424 2247 tuus
432 2215 528 2248 externo
541 2195 613 2248 ctffat
622 2201 647 2247 in
657 2201 711 2263 igne
723 2198 807 2258 furot5

296 2273 394 2324 Fluxere
408 2279 496 2324 interea
506 2273 566 2340 pede
578 2291 686 2340 tempora
695 2277 758 2340 lapsa
772 2276 868 2342 fugaci3

329 2352 489 2418 Praevenitque
501 2367 551 2400 tuas
562 2350 649 2402 flebilis
658 2355 717 2402 hora
728 2369 817 2403 moras.

295 2431 403 2478 forsitan
417 2445 458 2479 aut
468 2429 577 2479 nondum
591 2430 669 2479 fratris
679 2447 801 2480 occurrere
812 2433 896 2488 rebus,

248 2526 279 2560 to
329 2509 375 2557 Aut
391 2523 483 2573 poteras
501 2509 577 2557 frastis
588 2509 653 2557 utilis
664 2504 709 2557 ell'e
722 2525 810 2558 tamen.

296 2584 347 2636 Cur
360 2589 454 2650 potiora
469 2587 512 2634 tibi
523 2586 665 2651 Rhodopeia
676 2603 747 2651 regna
758 2586 842 2637 fuere?

327 2664 433 2730 Quaque
443 2667 518 2729 magis
533 2668 609 2729 regnis
621 2681 674 2712 cara
684 2664 762 2729 puella
773 2665 820 2714 fuit
831 2669 841 2714 i

294 2741 391 2791 Intonat
407 2746 442 2791 his
457 2743 554 2791 Acamas
566 2761 572 2789 ι
584 2740 667 2791 eadem
680 2759 737 2790 mox
750 2743 837 2806 objicit
849 2742 950 2802 AEthr25

327 2819 413 2868 Infelix
426 2819 510 2868 funCiae
525 2824 574 2885 jam
589 2837 662 2884 prope
673 2822 741 2869 sortis
751 2836 819 2870 anus.

247 2905 275 2952 ²5
293 2897 323 2946 Et
338 2897 405 2962 quod
413 2915 463 2946 non
475 2896 579 2946 condant
590 2902 641 2946 nati
652 2900 692 2946 sua
705 2899 796 2946 lumina
807 2899 909 2964 palmae,

256 2994 259 2999 ·
325 2971 412 3022 Feciile
427 2976 476 3022 haec
487 2974 575 3022 nostras
585 2978 663 3039 arguit
673 2991 745 3041 usque
753 2994 844 3026 moras.

293 3050 351 3102 Non
369 3047 479 3116 equidem
494 3049 722 3102 inficior:multi1n
738 3053 853 3107 clamavit
869 3071 980 3124 uterque,

325 3132 401 3181 Staret
415 3129 531 3180 Threiciis
546 3129 602 3181 clm
617 3134 678 3181 mihi
692 3135 776 3199 puppis
792 3138 868 3202 aquis.

889 3213 1003 3271 Poscunt,
