2367 3992
167 410 173 417 θ
264 456 392 526 irnnn
419 456 470 524 II,
500 455 667 521 Ernorn
693 453 796 520 XIII.
834 460 901 542 167

218 579 359 637 servabant,
375 593 405 625 ne
421 575 469 643 qui
481 573 558 641 poffet
568 577 598 624 ab
609 589 659 624 arte
670 576 731 639 capi·
802 613 818 624 ..

184 655 243 709 ilaec
254 657 287 707 est
294 658 414 722 praecipuo
422 657 520 706 vilioria
531 652 603 720 digna
614 655 755 718 triumpho,
871 681 875 686 ι
921 660 932 709 5

218 735 317 801 inqua,
330 749 487 799 quaecumque
500 732 546 793 est,
557 734 671 798 sanguine
681 729 761 797 praeda
770 744 846 783 caret.

186 810 243 862 Non
249 812 354 861 humiles
362 815 440 872 muri,
453 828 503 861 non
513 813 590 877 parvis
599 809 689 876 oppida
699 809 769 860 fossis

218 889 321 948 Cinoia3
332 887 373 938 sed
381 891 413 938 est
423 888 493 939 ductu
506 904 574 954 capta
583 889 664 953 puella
674 905 739 937 meo.

185 966 301 1031 Pergama
311 967 366 1016 edm
378 966 489 1017 caderent
500 1003 508 1028 ,
519 966 583 1016 bello
598 969 706 1032 superata
718 965 810 1017 bilustri
817 982 827 1026 3

169 1102 171 1107 Ι
217 1045 254 1094 Ex
268 1059 322 1106 tot,
335 1047 360 1094 in
372 1044 455 1095 Atrida
469 1061 521 1110 pars
538 1060 613 1111 quota
624 1043 700 1094 laudis
711 1048 776 1094 erati
925 1046 953 1080 ¹0

185 1123 282 1174 dtmea
293 1124 395 1188 seposita
405 1123 453 1182 est,
466 1127 490 1171 &
502 1124 531 1171 ab
539 1125 608 1172 omni
618 1123 696 1172 milite
707 1119 793 1172 differs

218 1199 304 1250 Gloria
315 1220 322 1251 e
335 1219 378 1250 nec
389 1200 487 1249 titulum
498 1203 603 1248 muneris
614 1200 673 1249 alter
684 1201 764 1249 habet.

185 1277 228 1328 Me
245 1275 306 1327 duce
318 1313 327 1338 ,
345 1278 375 1327 ad
384 1281 446 1327 hanc
456 1280 508 1328 voti
519 1275 610 1337 finem,
623 1293 663 1326 me
674 1276 764 1333 milite,
773 1277 848 1328 venie

218 1355 269 1421 lpse
280 1373 371 1421 eques,
383 1357 432 1420 ipse
443 1353 532 1420 pedes,
544 1353 643 1421 signifer
652 1357 701 1419 ipse
714 1354 759 1404 sui.

183 1431 237 1484 Nec
249 1435 332 1482 casum
343 1433 448 1482 Fortuna
458 1436 518 1482 meis
528 1433 660 1482 immiscuit
670 1434 741 1482 aliis:
925 1454 952 1500 ¹5

218 1511 274 1560 Huc
288 1511 361 1572 ades,
375 1510 407 1561 o!
425 1510 501 1572 curi,
515 1525 581 1576 parte
596 1512 743 1576 Triumphe,
755 1507 827 1559 mei!

185 1587 239 1639 Nec
250 1589 311 1638 belli
321 1589 353 1638 est
363 1603 426 1642 nova
437 1591 505 1639 causa
515 1592 564 1639 mei
579 1608 585 1638 e
596 1591 643 1638 uisi
652 1605 721 1654 rapta
728 1586 810 1638 fuisset

219 1665 359 1729 Tyndaris,
375 1668 475 1734 Europae
486 1685 532 1734 pax
545 1668 654 1736 Asiaeque
669 1669 741 1718 foret.

186 1744 206 1793 f
207 1747 288 1794 emina
295 1745 409 1796 silvestres
415 1744 542 1811 Lapithas,
554 1747 719 1812 populumque
729 1746 906 1806 bimembrem,

221 1823 336 1888 Turpiter
349 1827 458 1890 apposito
468 1827 540 1882 vertit
554 1827 580 1873 in
591 1840 657 1872 anna
666 1840 744 1874 mero.
926 1835 957 1868 ²0

187 1900 289 1950 Femina
301 1902 419 1968 Troianos
434 1907 523 1952 iterum
534 1902 584 1955 fera
595 1901 659 1950 bella
669 1917 767 1951 movere

222 1977 323 2043 impulit
333 1981 359 2028 in
369 1997 461 2046 regno,
472 1981 531 2046 juste
542 1981 639 2040 Latine,
651 1995 704 2029 tuo.

188 2055 290 2105 Femina
299 2057 434 2117 Romanis,
446 2060 518 2106 etiam
527 2074 591 2108 nunc
602 2057 667 2106 Urbe
677 2057 785 2118 recenti,

223 2132 327 2183 immisit
338 2137 447 2190 soceros,
465 2151 577 2202 armaque
587 2138 648 2186 sava
659 2133 735 2188 dedit.

188 2209 250 2261 Vidi
261 2229 305 2278 ego
315 2230 361 2279 pro
371 2216 441 2264 nivea
449 2229 580 2280 pugnantes
588 2219 689 2281 conjuge
698 2231 778 2266 tauros
789 2232 796 2265 a
926 2233 955 2281 ²5

225 2291 354 2355 Speiiatrix
364 2294 457 2341 animos
469 2295 519 2357 ipsa
532 2298 633 2360 juvenca
643 2292 724 2344 dabat.

190 2367 236 2418 Me
244 2385 339 2435 quoque
350 2386 405 2418 cum
415 2369 514 2431 multis,
527 2370 568 2421 sed
578 2388 617 2422 me
628 2375 677 2421 sine
686 2370 765 2434 caede,
776 2369 877 2438 Cupido

225 2446 298 2496 iussit
310 2446 403 2497 militiae
410 2450 479 2514 signa
488 2465 586 2500 movere
596 2452 652 2501 suae.

211 2566 890 2643 o———Qaea

293 2701 587 2790 ‚ELEGIA
628 2701 770 2765 XIII.

193 2796 312 2917 Dan
322 2863 447 2915 labefaciet
456 2880 516 2915 onus
526 2859 619 2929 gravidi
627 2865 750 2915 temeraria
760 2865 863 2927 ventris,

230 2945 258 2995 in
268 2943 342 2994 dubio
357 2947 412 2994 vito
422 2941 478 2993 uffa
489 2942 599 2993 Corinna
608 2944 680 3007 jacet.

195 3021 243 3073 illa
258 3021 356 3090 quidem
365 3058 374 3083 ,
385 3022 448 3071 clam
458 3039 496 3071 me
506 3035 600 3071 tantum
611 3020 698 3072 molita
706 3022 808 3090 pericli,

231 3099 269 3150 iri
279 3099 352 3168 digna
361 3098 415 3150 mel
427 3117 434 3151 e
445 3097 486 3151 sed
497 3097 561 3151 cadit
570 3101 605 3151 ira
615 3112 692 3152 metu·
