2367 3992
225 489 283 549 nn
302 476 419 550 Anna
433 472 626 545 Anauni
642 472 770 543 1:111.
798 493 864 561 273

185 599 296 667 Corripit
306 621 312 651 t
322 605 348 651 in
356 598 439 652 dextra
449 599 497 651 tela
505 598 571 648 fuere
579 613 662 648 manu.

153 678 220 742 Quid
234 681 305 739 facis,
320 679 422 729 infelix?
439 694 489 728 non
500 678 533 727 est
544 675 611 727 fera:
625 674 746 740 supprime
757 670 816 722 tela.
874 680 919 726 7³5

179 755 227 809 Me
238 760 352 807 miserum
361 776 368 806 ε
377 757 457 823 jaculo
468 755 514 806 lixa
526 754 606 820 puella
617 753 707 803 tuoest.
812 788 815 792 .

152 835 199 887 Hei
214 837 291 886 mihi!
302 835 440 886 conclamat
449 854 455 885 ε
464 833 533 884 fixisti
543 836 623 899 pedus
631 834 736 881 amicum
748 846 757 888 ς

185 915 233 964 Hic
252 915 319 963 locus
330 913 464 978 aCephalo
477 912 578 963 vulnera
587 912 680 975 semper
694 909 776 958 habet.

151 992 215 1043 Ante
225 990 291 1042 diem
300 995 392 1042 morior
402 1026 411 1052 ,
423 989 465 1041 sed
475 989 543 1040 nulla
552 989 638 1054 pellice
648 989 718 1048 laesa;
743 1015 747 1022 ,

185 1069 240 1119 Hoc
255 1070 328 1120 faciet
336 1073 421 1135 positae
434 1084 458 1119 te
468 1071 544 1127 mihi,
556 1083 632 1125 terra,
643 1067 732 1117 levem.
877 1077 926 1124 740

151 1147 260 1199 Nomine
274 1149 388 1212 suspenas
399 1151 449 1212 iam
460 1148 555 1210 spiritus
566 1148 615 1194 erit
623 1148 650 1193 in
660 1159 742 1202 autatt

186 1225 267 1275 Labor
280 1225 319 1273 io!
332 1223 387 1273 cari
399 1223 492 1272 lumina
502 1220 580 1272 conde
594 1238 676 1272 manu.

153 1301 200 1352 llle
219 1305 271 1350 sinu
285 1299 390 1351 domine
404 1303 531 1350 morientia
541 1315 642 1366 corpora
652 1297 734 1348 mesto

186 1379 290 1429 Sustinet
300 1397 307 1438 3
323 1382 348 1428 δι
363 1379 475 1442 lacrymis
486 1377 585 1427 vulnera
599 1379 659 1426 scta
669 1377 743 1428 lavat·

153 1456 227 1516 Exit,
246 1461 288 1517 &‚
308 1460 405 1505 incauto
416 1456 531 1522 paulatim
545 1459 639 1521 pedore
650 1454 744 1519 lapsus,
878 1455 924 1502 745

186 1533 310 1598 Excipitur
326 1535 404 1583 miseri
419 1536 512 1598 spiritua
525 1551 567 1583 ore
581 1536 637 1583 viri.

153 1610 203 1662 Sed
218 1626 351 1677 repetamus
361 1615 420 1660 iter:
432 1611 501 1661 nudis
511 1615 572 1662 mihi
582 1613 652 1661 rebus
663 1608 783 1677 agendum
794 1609 828 1660 tst
834 1643 843 1672 ,

187 1688 223 1738 Ut
238 1703 416 1755 tangat-portus
428 1687 486 1739 fella
497 1692 577 1738 carina
587 1692 650 1739 suot.

152 1767 250 1818 Scilicet
260 1769 376 1831 exspestas
389 1763 466 1824 ,dum
478 1780 500 1815 tc
511 1769 537 1815 in
548 1755 659 1816 convivia
673 1765 778 1825 ducamt

186 1846 218 1896 Et
226 1849 311 1913 quaerit
322 1847 428 1894 monitus
439 1847 483 1894 hac
493 1861 590 1912 quoque
601 1861 667 1910 parte
677 1862 743 1894 meos
753 1861 762 1904 3
878 1864 928 1913 750

155 1925 210 1974 Sera
228 1927 283 1973 veni
296 1940 304 1983 3
319 1922 445 1989 positique
461 1921 547 1972 decens
562 1922 646 1973 incede
661 1923 768 1973 luterni.

189 2004 263 2053 Grata
274 2018 342 2052 mota
353 2002 385 2051 est
396 2003 484 2051 Veneri
496 2021 503 2050 e
515 2006 621 2052 maxima
634 2002 687 2052 lena
698 2018 766 2052 mora
777 2000 819 2050 est.

154 2081 207 2133 Etsi
219 2083 292 2145 turpis
306 2084 369 2141 eris,
382 2079 489 2130 formosa
500 2079 613 2131 videbere
622 2083 700 2146 potin
724 2105 726 2108 ·

188 2158 221 2208 Et
234 2159 334 2208 latebras
347 2161 412 2208 vitiis
426 2175 474 2208 nox
485 2156 552 2208 dabit
564 2161 614 2223 ipsa
625 2163 680 2209 tuis.
863 2219 867 2228 .

156 2236 237 2302 Carpe
250 2238 317 2286 cibos
328 2234 409 2300 digitis
421 2255 427 2284 ε
440 2237 471 2285 eli
483 2234 580 2303 quidam
592 2238 668 2302 gestus
680 2235 785 2296 edendi3
877 2251 924 2301 755

189 2315 241 2364 Ora
254 2330 298 2364 nec
312 2310 440 2364 immundi
449 2329 501 2364 tota
511 2331 616 2381 perunge
626 2332 709 2366 manu.

156 2393 224 2444 Neve
241 2391 308 2442 domi
321 2394 435 2458 praesume
447 2390 518 2458 dapes
532 2412 539 2443 ε
551 2397 576 2443 bc
589 2392 689 2454 desine,
703 2398 764 2444 citra

190 2470 271 2531 Quim
286 2475 363 2536 tapies
374 2471 464 2536 paulo,
480 2471 554 2537 quim
564 2486 632 2536 potes
644 2469 692 2521 effe
702 2507 712 2532 ‚
722 2476 812 2521 minus.

155 2547 287 2599 Priamides
301 2549 409 2598 Helenen
417 2547 486 2597 avidd
496 2551 515 2596 si
526 2550 612 2613 spectet
622 2547 750 2610 edentem,

189 2625 275 2676 Oderit
285 2645 292 2684 3
308 2630 333 2674 &
350 2625 414 2674 dicat
427 2659 434 2684 ,
446 2626 522 2674 Stulta
533 2629 615 2691 rapina
626 2643 680 2676 mea
690 2627 732 2676 est.
880 2640 930 2692 760

157 2705 241 2771 Aptitls
258 2704 307 2762 cll,
321 2701 390 2752 decet
399 2718 470 2770 atquc
481 2707 556 2768 magis
571 2720 655 2769 potare
665 2704 769 2769 puellas;

190 2783 258 2834 Cum
270 2781 368 2830 Venerit
379 2797 452 2846 puero
464 2797 513 2830 non
526 2781 589 2830 male
598 2816 607 2842 ‚
616 2783 708 2831 Bacche
718 2817 726 2841 ,
736 2782 804 2832 facis.

157 2861 213 2913 Hoc
225 2876 291 2926 quoq
301 2877 308 2916 ς
325 2857 373 2925 qul
385 2862 474 2924 patiens
486 2861 599 2925 capntest
609 2880 615 2908 r
627 2863 751 2927 animutqt
758 2859 864 2930 pedesq;

192 2937 311 2988 Constent
323 2956 328 2984 :
341 2953 401 2997 nec,
417 2954 471 3003 qnae
480 2941 527 2988 sint
540 2939 647 3004 singula,
660 2940 715 2989 bina
724 2939 789 2991 vide.

158 3017 239 3081 Turpe
251 3020 328 3081 jacens
348 3016 450 3077 mulier,
465 3017 544 3067 multo
561 3017 694 3067 madefacta
708 3019 798 3082 Lyco:
881 3022 927 3078 765

193 3094 276 3160 Digna
291 3094 324 3144 cst
342 3095 484 3144 concubitus
498 3096 620 3161 quoslibet
633 3095 676 3144 illa
690 3101 749 3162 pati.

159 3172 212 3224 Nec
224 3174 312 3224 lomois
323 3172 400 3239 positi
412 3187 491 3225 cuturn
507 3173 661 3224 succumbat
671 3173 773 3223 menide

723 3251 752 3301 M
767 3267 785 3303 v
