2367 3992
288 480 939 570 LratnI.EtaarAVIII.137

234 595 357 669 Suspicor‚'
365 609 389 654 &
402 604 466 654 fama
476 604 521 653 est:
535 603 612 654 oculis
623 619 718 669 quoque
732 601 820 666 pupula
829 599 915 666 duplex
962 605 988 649 ¹5

260 683 395 742 fulminat,
415 687 439 731 &
450 685 547 748 gemino
558 682 640 730 lumen
652 682 680 729 ab
690 681 748 728 orbe
760 682 836 727 venit.

229 759 317 810 Evocat
329 764 432 826 antiquis
443 778 544 825 proavos
560 774 688 823 atavosque
698 757 828 821 sepulcris,

257 839 287 887 Et
298 838 401 888 solidam
412 838 487 902 longo
498 841 603 886 carmIne
614 834 684 884 findit
695 838 807 883 humum.

227 917 281 967 Hac
298 917 343 965 sibi
353 918 476 981 proposuit
492 915 610 964 thalamos
622 929 736 964 temerare
746 910 865 976 pudicos;

257 993 308 1043 Nec
320 1009 401 1043 tamen
413 995 510 1059 eloquio
522 994 605 1058 lingua
615 1007 716 1041 nocente
729 1005 802 1038 caret.

226 1071 282 1120 fors
292 1088 331 1120 me
342 1074 447 1120 sermoni
460 1073 540 1120 testem
552 1068 620 1120 dedit
628 1089 635 1119 e
644 1071 686 1118 illa
696 1069 811 1118 monebat

256 1151 342 1209 Talia;
357 1167 395 1199 me
408 1140 649 1214 duplicesocculuere
660 1148 731 1196 fores.

223 1228 273 1276 Scis
284 1229 341 1276 here
352 1243 391 1286 te,
404 1245 457 1276 mea
467 1227 507 1275 lux
517 1262 525 1284 ‚
535 1229 616 1292 juveni
627 1222 739 1290 placuisse
749 1225 835 1274 beato?
921 1253 937 1288 3

255 1304 347 1363 Haesit,
365 1309 389 1353 ὅ(
406 1307 432 1352 in
442 1304 510 1354 vultu
524 1304 629 1352 constitit
641 1319 713 1367 usque
725 1317 780 1350 tuo.

223 1380 253 1430 Et
263 1385 301 1431 cui
318 1399 368 1430 non
380 1382 490 1446 placeas?
502 1382 563 1430 nulli
575 1398 614 1431 tua
626 1382 705 1430 forma
719 1379 821 1429 secunda
833 1382 874 1431 est.

253 1461 296 1509 Me
307 1461 433 1509 miseram!
452 1458 537 1524 dignus
553 1476 654 1523 corpore
670 1459 747 1508 cultus
763 1458 834 1506 abest.

222 1539 284 1609 Tarn
296 1538 354 1588 felix
364 1537 436 1594 effes,
452 1538 527 1604 quim
538 1538 726 1597 formosissima,
738 1536 837 1586 vellem.

253 1617 313 1686 Nop
323 1632 387 1682 ego,
405 1632 427 1665 te
441 1616 502 1666 faut
515 1615 606 1678 divite,
621 1633 708 1682 pauper
718 1633 769 1665 ero.

219 1693 294 1744 Stella
307 1695 351 1763 ribi
361 1697 466 1758 oppositi
476 1699 560 1743 nocuit
572 1698 691 1743 contraria
700 1696 794 1743 Martis.

205 1781 209 1792 '
252 1773 319 1821 Mars
329 1774 404 1832 «ὺίἰῑ,
416 1775 553 1835 tignonunc
563 1772 643 1820 Venus
653 1787 707 1836 apta
720 1787 770 1821 tuo.

205 1830 298 1900 'Prosit
310 1865 336 1899 ut
347 1849 491 1909 adveniens,
505 1867 535 1898 en
545 1851 622 1913 aspice
633 1867 639 1898 :
651 1848 716 1899 dives
727 1864 820 1898 amator

252 1930 288 1978 Te
308 1932 391 1992 cupit·‚
408 1931 433 1976 δι
447 1944 523 1986 curae,
538 1925 598 1992 quid
609 1929 653 1976 tibi
662 1924 736 1986 desit,
747 1927 828 1974 habet.

215 2005 259 2056 Est
273 2009 344 2056 etiarn
359 2006 446 2063 facies,
458 2022 511 2070 quae
522 2007 544 2054 se
555 2006 599 2053 ribi
610 2019 732 2069 comparet
741 2039 749 2064 ,
758 2004 812 2053 illie

251 2087 275 2134 Sl
291 2100 375 2134 terrun
387 2099 476 2132 emtam
489 2082 581 2141 vellet,
595 2082 708 2132 emendus
723 2097 782 2132 erat.

215 2162 328 2212 Erubuit.
340 2163 418 2210 Decet
430 2161 485 2210 alba
494 2159 591 2226 quidem
603 2160 681 2226 pudor
691 2178 733 2211 ora
743 2181 749 2210 a
759 2159 869 2226 scitne,

250 2241 275 2288 si
289 2239 398 2294 simules,
414 2237 508 2304 prodest
518 2258 525 2288 a
534 2256 602 2290 verus
611 2237 691 2289 obesse
702 2240 771 2291 solet.
897 2223 910 2242 ³

215 2317 283 2370 Ctitn
299 2319 359 2368 bene
374 2316 470 2384 dejestis
480 2323 599 2383 gremium
612 2321 724 2383 spectabis
733 2319 817 2369 ocellis
827 2354 837 2381 ,

249 2395 373 2456 Quantum
384 2400 483 2463 quisque
496 2397 556 2446 ferat
562 2385 576 2457 ,’
587 2396 744 2462 respiciendus
754 2402 809 2447 erit.

212 2472 325 2524 forsitan
338 2473 483 2535 immunda,
495 2477 567 2525 Tatio
579 2491 709 2540 regnante,
721 2477 812 2525 Sabinae

248 2551 377 2602 Noluerint
386 2554 476 2602 habiles
486 2553 592 2618 pluribus
604 2552 650 2602 else
658 2556 723 2603 viris.
951 2551 982 2602 4⁰

213 2628 287 2679 Nunc
299 2631 364 2680 Mart
379 2634 479 2681 externis
491 2635 583 2681 animos
595 2647 687 2680 exercet
697 2635 723 2680 in
732 2633 818 2689 armis3

247 2709 371 2758 ArVenus
385 2709 467 2758 AEneae
480 2726 563 2776 regnat
573 2715 598 2758 in
608 2712 665 2758 urbe
675 2713 719 2757 sui.

209 2783 319 2847 Ludite,
331 2786 458 2836 formosae:
472 2788 532 2836 easta
550 2789 596 2847 est,
611 2804 684 2853 quam
695 2803 768 2836 nemo
779 2792 887 2853 rogavit:

247 2864 311 2924 Aut,
323 2867 343 2912 si
356 2865 470 2916 rusticitat
483 2881 621 2926 notaverat,
632 2868 682 2932 ipsa
695 2883 773 2932 rogat.

212 2941 387 3009 Easquoque',
403 2960 460 3008 quas
475 2945 560 2994 frontis
576 2963 645 3010 rugas
659 2948 784 2998 invertite
798 2965 896 3016 portas,
946 2949 975 2995 45

247 3021 337 3071 Excute
350 3039 356 3069 r
367 3019 396 3070 de
407 3025 469 3085 rugis
480 3027 579 3073 crimina
594 3025 670 3074 multa
681 3025 776 3078 cadent.

213 3083 334 3163 Penelopd
344 3103 458 3164 juvenum
474 3104 534 3149 vires
544 3078 650 3152 tede-abar
661 3107 685 3152 in
693 3121 763 3155 arcu:

248 3174 296 3242 Qui
306 3175 366 3227 latus
376 3192 484 3246 argueret
494 3195 609 3241 ,corneus
620 3197 686 3231 arcus
696 3198 754 3235 erat·

712 3251 725 3271 l
