2367 3992
329 508 592 574 Hunorum.
618 502 693 572 Er.
719 503 775 571 II.
867 461 913 588 x7

194 628 249 691 Quae
262 627 310 678 fuit
321 641 377 676 ante
389 625 476 686 illam,
487 623 587 674 mallem
600 626 709 689 suprema
720 619 809 671 fuisset

222 709 280 758 Nox
296 707 375 764 mihi3
394 703 452 753 dum
469 706 537 768 potui
550 701 640 765 Phyllis
652 701 750 750 honesta
765 702 837 749 mori.

191 789 286 852 Speravi
299 783 402 845 melius,
419 788 476 850 quia
493 800 531 832 me
545 779 655 832 meruisse
670 783 761 847 putavi.

223 865 387 930 Quaecumque
395 879 423 911 ex
435 865 522 912 merito
533 863 583 926 spes
593 863 677 920 venit,
692 874 760 925 aequa
772 860 848 908 venit.

190 941 279 992 Fallere
298 940 436 992 credentem
451 940 545 990 nonest
560 940 660 1004 operosa
674 937 781 1003 puellam

220 1021 320 1070 Gloria:
333 1019 473 1085 simplicitas
484 1016 556 1082 digna
573 1017 655 1066 favore
666 1017 721 1066 fuit.

189 1101 244 1149 Sum
262 1097 364 1163 decepta
380 1099 444 1156 tuis,
461 1099 485 1145 ὅ(
498 1111 579 1144 amans
594 1098 618 1143 δι
630 1095 719 1143 semina
729 1128 737 1153 ,
747 1094 843 1144 verbis:

219 1178 253 1227 Di
273 1178 382 1239 faciant,
398 1175 475 1226 laudis
490 1175 582 1225 summa
596 1178 627 1225 sit
640 1175 682 1224 ista
699 1191 760 1224 tuae:

189 1251 250 1303 luter
268 1257 293 1302 ὃ(
310 1251 408 1318 AEgidas
425 1250 506 1301 media
521 1252 626 1301 statuaris
640 1255 666 1300 in
679 1254 753 1301 urbe:

217 1328 364 1396 Magnificus
381 1329 455 1379 titulis
467 1330 510 1379 stet
524 1345 590 1395 pater
605 1344 659 1379 ante
672 1332 727 1378 suis.

188 1408 250 1460 Ctlm
267 1410 342 1460 fuerit
352 1411 443 1472 Scyron
455 1410 542 1467 lessus,
559 1410 687 1474 torvusque
699 1408 837 1469 Procustes‚

218 1488 249 1538 Et
266 1490 346 1547 Sinis,
365 1493 389 1537 δι
401 1491 461 1537 tauri
473 1491 595 1554 mixtaque
606 1480 685 1537 ferma
696 1490 759 1547 viri,

186 1564 215 1614 Et
230 1563 332 1616 domitae
344 1565 410 1615 bello
426 1566 534 1626 Thebe,
551 1565 646 1632 fusique
662 1566 823 1627 bimembres,

217 1643 248 1694 Et
262 1644 359 1709 pulsate
365 1647 428 1710 nigri
439 1647 503 1709 regis
513 1660 575 1693 caeca
586 1643 633 1692 Dei
644 1661 652 1702 3

186 1722 237 1772 lloc
253 1737 295 1772 tua
314 1721 366 1788 post
376 1722 447 1770 illum
460 1722 531 1770 titulo
545 1724 651 1786 signetur
664 1725 761 1788 imago:

216 1799 264 1849 Hic
278 1800 325 1859 est,
337 1803 404 1863 eujus
414 1814 494 1848 amans
505 1800 598 1863 hospita
606 1814 674 1862 capta
685 1797 745 1849 dolo
756 1800 796 1850 est.

184 1873 221 1924 De
236 1891 305 1925 tanta
320 1892 398 1924 terum
410 1876 477 1923 turba
487 1874 599 1939 faslisque
610 1876 730 1938 parentis,

216 1951 284 2002 Sedit
297 1957 322 2001 in
332 1953 429 2017 ingenio
442 1949 526 2001 Crella
536 1949 618 2000 relius
629 1965 683 1999 tuo.

183 2023 257 2085 Quod
276 2025 356 2073 solum
374 2025 486 2084 excuset,
507 2024 586 2073 solum
597 2027 695 2073 miraris
711 2027 737 2073 in
750 2025 805 2075 illo.

216 2099 336 2150 Heredem
351 2104 448 2165 patria,
461 2098 567 2165 perfide,
581 2099 670 2150 fraudis
681 2106 739 2168 agis.

148 2225 154 2230 ,
182 2174 244 2235 illa,
263 2192 307 2224 nec
322 2174 436 2233 invideo,
455 2175 540 2223 fruitur
555 2174 655 2223 meliore
667 2178 772 2236 maritet

214 2254 290 2319 lnque
309 2253 438 2317 capistratis
456 2253 553 2316 tigribus
572 2250 621 2301 alta
632 2249 705 2301 sedet.
921 2265 953 2313 80

182 2328 213 2376 At
229 2344 283 2375 mea
294 2325 394 2391 despecli
407 2325 503 2391 fugiunt
513 2327 634 2375 connubia
644 2328 761 2388 Thraces,

214 2402 289 2464 Quod
304 2403 366 2451 ferar
382 2418 505 2451 externum
522 2399 671 2468 praeposuille
686 2407 755 2453 meis.

181 2482 259 2548 Atque
273 2482 375 2546 aliqttis3
387 2481 475 2528 Doctae
483 2484 531 2545 jam
539 2496 602 2529 nunc
614 2496 664 2539 eat,
678 2484 771 2547 inquit,
782 2482 901 2534 Athenas:

212 2559 359 2608 Armiferam
370 2559 480 2607 Thracen
489 2561 531 2624 qui
542 2573 625 2622 reget,
637 2558 696 2606 alter
705 2562 758 2608 erit.

180 2635 262 2686 Exitus
274 2639 324 2684 adia
336 2637 430 2700 probat.
447 2634 534 2685 Careat
546 2636 687 2683 successibus
702 2651 778 2699 opto,
918 2640 946 2706 85

212 2708 327 2774 Quisquis
346 2709 374 2756 ab
388 2723 472 2756 eventu
491 2708 551 2757 fasta
563 2705 671 2757 notanda
687 2723 764 2773 putat·

179 2786 211 2836 At
230 2790 249 2835 si
269 2787 348 2834 nostra
366 2800 407 2833 tuo
423 2785 572 2849 spumescant
587 2801 683 2849 aequora
701 2803 785 2847 remo,

209 2863 266 2911 lam
283 2863 359 2919 mihi,
377 2865 425 2925 jam
437 2858 502 2908 dicar
513 2857 655 2908 consuluiffe
666 2863 733 2909 meis.

178 2936 223 2987 Sed
235 2955 314 3003 neque
325 2937 433 2986 consului
449 2957 455 2985 ε
473 2954 515 2987 nec
527 2952 549 2986 te
561 2955 615 2987 mea
625 2940 689 3003 tegla
700 2953 798 3004 tanget,

207 3013 226 3060 F
228 3009 305 3060 ellave
326 3010 430 3059 Bistonii
442 3014 549 3060 membra
560 3011 649 3062 lavabis
661 3013 732 3079 aqud.
913 3031 947 3077 ,ο

177 3087 222 3137 llla
233 3090 294 3134 meis
303 3085 380 3134 oculis
391 3087 477 3150 species
490 3088 597 3136 abeuntis
607 3091 723 3150 inheret,

209 3164 278 3216 cum
294 3179 412 3230 premeret
424 3180 507 3231 portus
518 3165 597 3216 classis
606 3169 668 3217 itura
679 3185 754 3218 meos.

726 3249 747 3298 A
762 3251 787 3299 iv
