2367 3992
334 495 596 561 Hermone.
618 488 691 555 Er.
721 487 812 558 VII.
892 511 929 574 31

211 613 274 664 Non
286 628 368 662 tamen
378 612 487 672 AEnean,
499 613 609 678 quamvis
620 609 683 659 male
693 611 802 674 cogitat,
814 605 869 656 odi:

246 690 296 741 Sed
306 708 394 758 queror
410 688 530 744 infidum,
543 676 670 754 questaque
683 691 750 752 pejus
761 703 825 734 amo.

209 768 303 829 Parce,
316 771 416 828 Venus,
428 771 512 826 nurui3
528 766 662 832 durumque
672 764 814 832 amplectere
825 763 935 822 fratrem,

246 849 329 896 Frater
342 846 516 897 Amorzcasttis
528 847 617 894 militet
627 845 669 893 ille
678 847 733 893 tuis.
765 863 772 868 ·

211 925 263 974 Aut
277 941 322 989 ego
334 940 406 990 quem
414 927 492 988 caepi,
503 939 580 988 neque
588 926 652 971 enim
663 920 796 987 dedignor,
809 937 903 981 amare,

244 1002 378 1051 Materiam
392 1018 453 1050 curae
464 1003 567 1065 praebeat
577 1000 619 1049 ille
630 1016 699 1050 meae.
803 998 805 1001 ’

211 1078 311 1140 fallor,
325 1083 349 1129 bc
361 1079 404 1128 iiia
414 1081 474 1128 mihi
485 1077 544 1128 falso
552 1080 651 1144 jadatut
661 1083 751 1144 imago.

241 1157 335 1205 'Matris
350 1159 380 1206 ab
392 1160 489 1221 ingenio
501 1154 600 1206 dissidet
610 1155 652 1205 iile
663 1159 719 1206 sue.

212 1233 249 1283 Te
263 1234 323 1300 lapis
334 1239 359 1284 δι
371 1225 480 1295 ωοηῑεέ,
491 1237 621 1301 innataque
630 1237 727 1299 rupibus
735 1236 789 1284 altis

247 1314 363 1374 Robora,
376 1328 400 1362 te
411 1315 476 1363 saevae
487 1329 633 1378 progenuere
645 1313 715 1362 ferez

211 1391 263 1440 Aut
275 1408 360 1451 mare,
376 1392 445 1458 quale
455 1390 521 1442 vides
533 1395 618 1456 agitari
628 1408 692 1440 nunc
703 1408 799 1458 quoque
810 1394 899 1451 ventis,

246 1469 304 1528 Quo
317 1485 398 1519 tamen
409 1467 511 1518 adversis
521 1468 630 1518 fluiiibut
641 1473 675 1518 ire
684 1487 760 1535 paras.

212 1546 271 1607 Qud
283 1547 361 1612 fugis?
374 1547 451 1597 obstat
461 1550 537 1596 hiems
545 1567 551 1595 ι
560 1550 646 1596 hiemis
654 1550 714 1597 mihi
725 1551 801 1613 gratia
810 1550 901 1613 prosit:

245 1627 332 1691 Aspice
345 1641 371 1675 ut
380 1624 487 1675 adversas
496 1628 602 1676 concitet
613 1627 687 1674 Eurus
699 1643 778 1692 aquas.

211 1701 288 1765 Quod
301 1706 345 1753 tibi
357 1704 500 1763 maluerim,
514 1708 566 1752 sine
574 1722 614 1753 me
630 1703 717 1754 debere
725 1704 851 1769 procellis:

244 1783 334 1832 Iustior
348 1783 380 1836 eii
395 1786 476 1832 animo
494 1798 577 1832 ventus
589 1786 614 1831 δι
627 1781 690 1832 unda
701 1799 752 1832 tuo.

209 1861 272 1910 Non
283 1878 329 1926 ego
339 1863 392 1910 sum
405 1863 481 1920 tanti,
494 1865 603 1926 quamvis
614 1864 724 1910 merearis
735 1896 742 1920 ‚
754 1865 849 1926 inique,

246 1939 283 1987 Ut
293 1955 388 2004 pereas,
400 1937 459 1988 dum
469 1956 508 1987 me
518 1957 560 2004 per
571 1939 633 1989 freta
643 1940 716 2003 longa
727 1939 798 2002 fugis.
846 1946 848 1952 '

208 2018 314 2067 Exerces
325 2020 426 2081 pretiosa
435 2016 492 2066 odia
503 2021 527 2066 bc
540 2016 672 2066 constantia
683 2032 786 2080 magno,

246 2099 287 2155 Si,
303 2095 361 2145 dum
372 2114 411 2145 me
423 2113 517 2150 careas,
530 2095 562 2144 est
572 2097 617 2144 tibi
627 2095 675 2145 vile
686 2099 758 2145 mori.
799 2118 802 2123 ·

208 2177 265 2226 Jam
277 2178 343 2224 venti
354 2189 460 2241 ponent,
472 2174 590 2241 stratique
605 2174 728 2240 aequaliter
739 2171 818 2232 ubdai‚

246 2254 362 2305 Caerulcis
377 2257 464 2303 Triton
474 2270 515 2318 per
526 2270 590 2302 mare
602 2268 681 2302 curret
691 2256 767 2318 equis.

210 2333 252 2381 Tu
264 2349 361 2399 quoque
376 2350 432 2382 eum
442 2336 519 2382 ventis
532 2336 624 2381 utinam
639 2332 761 2381 mutabilis
776 2327 848 2379 effes!

244 2411 293 2472 Et,
312 2415 357 2460 nisi
368 2410 457 2461 duritii
467 2412 554 2460 robora
565 2414 654 2470 vincis,
666 2414 718 2459 eris.

209 2489 278 2550 Quid
291 2494 300 2539 ἔ
312 2494 331 2538 si
348 2493 456 2540 nescieris
467 2491 549 2539 insana
564 2489 623 2554 quid
634 2505 730 2554 aequora
741 2490 850 2552 possint?

245 2569 353 2632 Expertae
365 2572 435 2617 toties
447 2566 522 2633 quim
533 2566 595 2615 male
610 2565 686 2616 credis
695 2569 776 2631 aqua?

207 2647 261 2706 Ut,
272 2646 357 2711 pelago
370 2644 481 2695 suadente
492 2648 582 2705 etiam,
598 2645 728 2694 retinacula
738 2643 833 2701 solvas,

244 2725 326 2774 Multa
339 2740 419 2773 tamen
434 2724 496 2773 latus
508 2724 581 2772 tristia
594 2738 681 2787 pontus
693 2722 773 2769 habet.

206 2805 262 2856 Nec
276 2803 374 2853 vioiaffe
392 2801 466 2853 fidem
478 2802 624 2851 tentantibus
635 2816 732 2867 aequora
740 2797 848 2865 prodest:

243 2881 353 2932 Perfidiae
364 2899 446 2947 poenas
457 2884 530 2946 exigit
540 2880 581 2930 ille
592 2880 668 2930 locus.
881 2872 885 2880 ’

158 3012 162 3019 ,
206 2959 332 3025 Praecipue
343 2959 398 3009 crim
411 2960 479 3008 laesus
493 2962 567 3008 Amor
580 2979 585 3007 :
600 2962 656 3024 quia
666 2973 743 3007 mater
753 2958 848 3007 Amoris

242 3037 318 3089 Nuda
334 3038 484 3100 Cytheriacis
496 3036 560 3087 edita
570 3038 645 3087 fertur
657 3042 732 3102 aquis.

207 3117 307 3169 Perdita
318 3135 347 3166 ne
358 3114 457 3181 perdam
469 3119 557 3176 timeo,
568 3133 698 3164 noceamve
709 3119 823 3174 nocenti3

242 3195 297 3246 Neu
307 3196 373 3246 bibat
383 3201 503 3262 aequoreae
513 3193 640 3262 naufragus
650 3194 723 3245 bostis
734 3211 814 3322 aqpas.

795 3287 820 3322 iv
