<?xml version="1.0" encoding="UTF-8"?>
<!DOCTYPE html PUBLIC "-//W3C//DTD XHTML 1.0 Transitional//EN"
    "http://www.w3.org/TR/xhtml1/DTD/xhtml1-transitional.dtd">
<html xmlns="http://www.w3.org/1999/xhtml" xml:lang="en" lang="en">
 <head>
  <title>
</title>
<meta http-equiv="Content-Type" content="text/html;charset=utf-8" />
  <meta name='ocr-system' content='tesseract 3.04.00' />
  <meta name='ocr-capabilities' content='ocr_page ocr_carea ocr_par ocr_line ocrx_word'/>
</head>
<body>
  <div class='ocr_page' id='page_1' title='image "./povidiinasoniso03ovidgoog_0024.png"; bbox 0 0 2367 3992; ppageno 0'>
   <div class='ocr_carea' id='block_1_1' title="bbox 358 443 961 515">
    <p class='ocr_par' dir='ltr' id='par_1_1' title="bbox 358 443 961 515">
     <span class='ocr_line' id='line_1_1' title="bbox 358 443 961 515; baseline -0.007 -3"><span class='ocrx_word' id='word_1_1' title='bbox 358 465 376 512; x_wconf 87' lang='lat'>2</span> <span class='ocrx_word' id='word_1_2' title='bbox 476 443 520 512; x_wconf 90' lang='lat' dir='ltr'><strong>P.</strong></span> <span class='ocrx_word' id='word_1_3' title='bbox 540 444 717 511; x_wconf 77' lang='lat' dir='ltr'><strong>Ovtnrr</strong></span> <span class='ocrx_word' id='word_1_4' title='bbox 741 444 961 515; x_wconf 75' lang='lat' dir='ltr'><strong>NAsours</strong></span> 
     </span>
    </p>
   </div>
   <div class='ocr_carea' id='block_1_2' title="bbox 258 559 1043 3175">
    <p class='ocr_par' dir='ltr' id='par_1_2' title="bbox 258 559 1043 3175">
     <span class='ocr_line' id='line_1_2' title="bbox 258 559 988 628; baseline 0.001 -19"><span class='ocrx_word' id='word_1_5' title='bbox 258 594 261 600; x_wconf 78' lang='lat'><strong>·</strong></span> <span class='ocrx_word' id='word_1_6' title='bbox 355 559 460 621; x_wconf 81' lang='lat' dir='ltr'><strong>Quando</strong></span> <span class='ocrx_word' id='word_1_7' title='bbox 476 579 522 628; x_wconf 89' lang='lat' dir='ltr'><strong>ego</strong></span> <span class='ocrx_word' id='word_1_8' title='bbox 533 579 583 612; x_wconf 93' lang='lat' dir='ltr'><strong>non</strong></span> <span class='ocrx_word' id='word_1_9' title='bbox 599 563 668 610; x_wconf 88' lang='lat' dir='ltr'><strong>timui</strong></span> <span class='ocrx_word' id='word_1_10' title='bbox 679 563 788 626; x_wconf 83' lang='lat' dir='ltr'><strong>graviora</strong></span> <span class='ocrx_word' id='word_1_11' title='bbox 798 562 902 626; x_wconf 80' lang='lat' dir='ltr'><strong>pericula</strong></span> <span class='ocrx_word' id='word_1_12' title='bbox 912 565 988 614; x_wconf 75' lang='lat' dir='ltr'><strong>veris?</strong></span> 
     </span>
     <span class='ocr_line' id='line_1_3' title="bbox 375 639 859 706; baseline 0.002 -19"><span class='ocrx_word' id='word_1_13' title='bbox 375 639 433 688; x_wconf 87' lang='lat' dir='ltr'><strong>&#39;Res</strong></span> <span class='ocrx_word' id='word_1_14' title='bbox 446 639 478 688; x_wconf 88' lang='lat' dir='ltr'><strong>est</strong></span> <span class='ocrx_word' id='word_1_15' title='bbox 496 640 583 697; x_wconf 81' lang='lat' dir='ltr'>soliciti</span> <span class='ocrx_word' id='word_1_16' title='bbox 595 639 665 706; x_wconf 83' lang='lat' dir='ltr'><strong>plena</strong></span> <span class='ocrx_word' id='word_1_17' title='bbox 676 641 768 687; x_wconf 87' lang='lat' dir='ltr'><strong>timoris</strong></span> <span class='ocrx_word' id='word_1_18' title='bbox 782 654 859 688; x_wconf 83' lang='lat' dir='ltr'><strong>amor.</strong></span> 
     </span>
     <span class='ocr_line' id='line_1_4' title="bbox 354 709 885 780; baseline -0.004 -18"><span class='ocrx_word' id='word_1_19' title='bbox 354 713 382 763; x_wconf 92' lang='lat' dir='ltr'><strong>In</strong></span> <span class='ocrx_word' id='word_1_20' title='bbox 399 729 423 763; x_wconf 90' lang='lat' dir='ltr'><strong>te</strong></span> <span class='ocrx_word' id='word_1_21' title='bbox 433 709 553 780; x_wconf 81' lang='lat' dir='ltr'><strong>fingebam</strong></span> <span class='ocrx_word' id='word_1_22' title='bbox 567 713 688 762; x_wconf 87' lang='lat' dir='ltr'><strong>violentos</strong></span> <span class='ocrx_word' id='word_1_23' title='bbox 703 714 779 762; x_wconf 82' lang='lat' dir='ltr'><strong>Troas</strong></span> <span class='ocrx_word' id='word_1_24' title='bbox 791 715 885 761; x_wconf 88' lang='lat' dir='ltr'><strong>ituros:</strong></span> 
     </span>
     <span class='ocr_line' id='line_1_5' title="bbox 385 790 958 856; baseline -0.007 -12"><span class='ocrx_word' id='word_1_25' title='bbox 385 793 492 844; x_wconf 85' lang='lat' dir='ltr'>Nomine</span> <span class='ocrx_word' id='word_1_26' title='bbox 509 796 534 842; x_wconf 87' lang='lat' dir='ltr'><strong>in</strong></span> <span class='ocrx_word' id='word_1_27' title='bbox 545 793 663 842; x_wconf 68' lang='lat' dir='ltr'><strong>Heiioreo</strong></span> <span class='ocrx_word' id='word_1_28' title='bbox 679 790 770 856; x_wconf 85' lang='lat' dir='ltr'><strong>pallida</strong></span> <span class='ocrx_word' id='word_1_29' title='bbox 781 793 873 855; x_wconf 88' lang='lat' dir='ltr'>semper</span> <span class='ocrx_word' id='word_1_30' title='bbox 883 808 958 840; x_wconf 79' lang='lat' dir='ltr'><strong>eram.</strong></span> 
     </span>
     <span class='ocr_line' id='line_1_6' title="bbox 305 868 1043 938; baseline -0.005 -15"><span class='ocrx_word' id='word_1_31' title='bbox 305 891 332 937; x_wconf 84' lang='lat'><strong>¹5</strong></span> <span class='ocrx_word' id='word_1_32' title='bbox 353 873 407 923; x_wconf 84' lang='lat' dir='ltr'><strong>Sive</strong></span> <span class='ocrx_word' id='word_1_33' title='bbox 422 874 475 938; x_wconf 90' lang='lat' dir='ltr'><strong>quis</strong></span> <span class='ocrx_word' id='word_1_34' title='bbox 489 870 645 919; x_wconf 81' lang='lat' dir='ltr'><strong>Antilochum</strong></span> <span class='ocrx_word' id='word_1_35' title='bbox 657 871 767 918; x_wconf 83' lang='lat' dir='ltr'><strong>narrabat</strong></span> <span class='ocrx_word' id='word_1_36' title='bbox 781 868 810 917; x_wconf 89' lang='lat' dir='ltr'><strong>ab</strong></span> <span class='ocrx_word' id='word_1_37' title='bbox 822 869 1043 935; x_wconf 67' lang='lat' dir='ltr'><strong>Hediorevidium,</strong></span> 
     </span>
     <span class='ocr_line' id='line_1_7' title="bbox 384 949 885 1000; baseline -0.006 0"><span class='ocrx_word' id='word_1_38' title='bbox 384 950 527 1000; x_wconf 80' lang='lat' dir='ltr'><strong>Antilochus</strong></span> <span class='ocrx_word' id='word_1_39' title='bbox 544 949 616 1000; x_wconf 87' lang='lat' dir='ltr'><strong>nostri</strong></span> <span class='ocrx_word' id='word_1_40' title='bbox 631 950 700 998; x_wconf 83' lang='lat' dir='ltr'><strong>causa</strong></span> <span class='ocrx_word' id='word_1_41' title='bbox 715 951 808 997; x_wconf 87' lang='lat' dir='ltr'><strong>timoris</strong></span> <span class='ocrx_word' id='word_1_42' title='bbox 826 964 885 997; x_wconf 81' lang='lat' dir='ltr'><strong>erat.</strong></span> 
     </span>
     <span class='ocr_line' id='line_1_8' title="bbox 350 1022 927 1084; baseline -0.009 -6"><span class='ocrx_word' id='word_1_43' title='bbox 350 1030 405 1079; x_wconf 85' lang='lat' dir='ltr'><strong>Sive</strong></span> <span class='ocrx_word' id='word_1_44' title='bbox 416 1026 582 1078; x_wconf 81' lang='lat' dir='ltr'><strong>Menoetiaden</strong></span> <span class='ocrx_word' id='word_1_45' title='bbox 594 1026 657 1076; x_wconf 81' lang='lat' dir='ltr'><strong>falsis</strong></span> <span class='ocrx_word' id='word_1_46' title='bbox 669 1022 779 1074; x_wconf 81' lang='lat' dir='ltr'><strong>cecidilse</strong></span> <span class='ocrx_word' id='word_1_47' title='bbox 789 1027 827 1073; x_wconf 87' lang='lat' dir='ltr'><strong>sur</strong></span> <span class='ocrx_word' id='word_1_48' title='bbox 838 1028 927 1084; x_wconf 79' lang='lat' dir='ltr'><strong>armis3</strong></span> 
     </span>
     <span class='ocr_line' id='line_1_9' title="bbox 382 1097 870 1166; baseline -0.004 -14"><span class='ocrx_word' id='word_1_49' title='bbox 382 1103 482 1153; x_wconf 79' lang='lat' dir='ltr'><strong>flebam</strong></span> <span class='ocrx_word' id='word_1_50' title='bbox 497 1097 602 1152; x_wconf 82' lang='lat' dir='ltr'><strong>succeffu</strong></span> <span class='ocrx_word' id='word_1_51' title='bbox 617 1097 683 1166; x_wconf 86' lang='lat' dir='ltr'><strong>poffe</strong></span> <span class='ocrx_word' id='word_1_52' title='bbox 699 1117 777 1150; x_wconf 85' lang='lat' dir='ltr'><strong>carere</strong></span> <span class='ocrx_word' id='word_1_53' title='bbox 790 1098 870 1150; x_wconf 89' lang='lat' dir='ltr'><strong>dolos.</strong></span> 
     </span>
     <span class='ocr_line' id='line_1_10' title="bbox 351 1177 1032 1247; baseline -0.001 -17"><span class='ocrx_word' id='word_1_54' title='bbox 351 1182 469 1247; x_wconf 76' lang='lat' dir='ltr'><strong>Sanguine</strong></span> <span class='ocrx_word' id='word_1_55' title='bbox 483 1179 641 1246; x_wconf 80' lang='lat' dir='ltr'><strong>Tlepolemus</strong></span> <span class='ocrx_word' id='word_1_56' title='bbox 654 1178 756 1241; x_wconf 84' lang='lat' dir='ltr'><strong>Lyciam</strong></span> <span class='ocrx_word' id='word_1_57' title='bbox 767 1177 910 1243; x_wconf 85' lang='lat' dir='ltr'><strong>tepefecerat</strong></span> <span class='ocrx_word' id='word_1_58' title='bbox 919 1179 1010 1229; x_wconf 82' lang='lat' dir='ltr'><strong>hallam</strong></span> <span class='ocrx_word' id='word_1_59' title='bbox 1023 1199 1032 1241; x_wconf 76' lang='lat'>3</span> 
     </span>
     <span class='ocr_line' id='line_1_11' title="bbox 265 1250 885 1325; baseline -0.01 -16"><span class='ocrx_word' id='word_1_60' title='bbox 265 1260 268 1267; x_wconf 80' lang='grc'>’</span> <span class='ocrx_word' id='word_1_61' title='bbox 302 1265 333 1298; x_wconf 84' lang='lat'><strong>²0</strong></span> <span class='ocrx_word' id='word_1_62' title='bbox 383 1250 521 1325; x_wconf 81' lang='lat' dir='ltr'><strong>Tlepolemi</strong></span> <span class='ocrx_word' id='word_1_63' title='bbox 539 1257 588 1307; x_wconf 88' lang='lat' dir='ltr'><strong>leto</strong></span> <span class='ocrx_word' id='word_1_64' title='bbox 602 1273 658 1306; x_wconf 89' lang='lat' dir='ltr'><strong>cura</strong></span> <span class='ocrx_word' id='word_1_65' title='bbox 672 1271 760 1305; x_wconf 79' lang='lat' dir='ltr'><strong>novata</strong></span> <span class='ocrx_word' id='word_1_66' title='bbox 776 1271 830 1304; x_wconf 85' lang='lat' dir='ltr'><strong>mea</strong></span> <span class='ocrx_word' id='word_1_67' title='bbox 844 1255 885 1304; x_wconf 89' lang='lat' dir='ltr'><strong>est.</strong></span> 
     </span>
     <span class='ocr_line' id='line_1_12' title="bbox 350 1331 1004 1400; baseline -0.008 -15"><span class='ocrx_word' id='word_1_68' title='bbox 350 1333 481 1400; x_wconf 85' lang='lat' dir='ltr'><strong>Denique,</strong></span> <span class='ocrx_word' id='word_1_69' title='bbox 494 1333 600 1400; x_wconf 89' lang='lat' dir='ltr'><strong>quisquis</strong></span> <span class='ocrx_word' id='word_1_70' title='bbox 612 1347 662 1382; x_wconf 90' lang='lat' dir='ltr'><strong>erat</strong></span> <span class='ocrx_word' id='word_1_71' title='bbox 676 1331 753 1381; x_wconf 86' lang='lat' dir='ltr'><strong>castris</strong></span> <span class='ocrx_word' id='word_1_72' title='bbox 762 1331 884 1397; x_wconf 82' lang='lat' dir='ltr'><strong>jugulatus</strong></span> <span class='ocrx_word' id='word_1_73' title='bbox 893 1331 1004 1388; x_wconf 81' lang='lat' dir='ltr'><strong>Achivis,</strong></span> 
     </span>
     <span class='ocr_line' id='line_1_13' title="bbox 383 1409 885 1476; baseline -0.008 -15"><span class='ocrx_word' id='word_1_74' title='bbox 383 1409 500 1476; x_wconf 78' lang='lat' dir='ltr'><strong>Frigidius</strong></span> <span class='ocrx_word' id='word_1_75' title='bbox 518 1409 594 1475; x_wconf 80' lang='lat' dir='ltr'><strong>glacie</strong></span> <span class='ocrx_word' id='word_1_76' title='bbox 615 1411 694 1474; x_wconf 67' lang='lat' dir='ltr'><strong>podius</strong></span> <span class='ocrx_word' id='word_1_77' title='bbox 710 1410 811 1457; x_wconf 83' lang='lat' dir='ltr'><strong>amantis</strong></span> <span class='ocrx_word' id='word_1_78' title='bbox 826 1424 885 1458; x_wconf 87' lang='lat' dir='ltr'><strong>erat.</strong></span> 
     </span>
     <span class='ocr_line' id='line_1_14' title="bbox 350 1487 965 1554; baseline -0.003 -14"><span class='ocrx_word' id='word_1_79' title='bbox 350 1488 397 1540; x_wconf 87' lang='lat' dir='ltr'><strong>Sed</strong></span> <span class='ocrx_word' id='word_1_80' title='bbox 410 1493 469 1540; x_wconf 89' lang='lat' dir='ltr'><strong>bene</strong></span> <span class='ocrx_word' id='word_1_81' title='bbox 485 1490 606 1538; x_wconf 84' lang='lat' dir='ltr'><strong>consuluit</strong></span> <span class='ocrx_word' id='word_1_82' title='bbox 619 1489 682 1537; x_wconf 88' lang='lat' dir='ltr'><strong>casto</strong></span> <span class='ocrx_word' id='word_1_83' title='bbox 700 1487 764 1535; x_wconf 88' lang='lat' dir='ltr'><strong>Deus</strong></span> <span class='ocrx_word' id='word_1_84' title='bbox 780 1503 861 1554; x_wconf 81' lang='lat' dir='ltr'><strong>aequus</strong></span> <span class='ocrx_word' id='word_1_85' title='bbox 873 1492 965 1538; x_wconf 78' lang='lat' dir='ltr'><strong>amori:</strong></span> 
     </span>
     <span class='ocr_line' id='line_1_15' title="bbox 382 1565 923 1629; baseline -0.004 -13"><span class='ocrx_word' id='word_1_86' title='bbox 382 1567 455 1616; x_wconf 85' lang='lat' dir='ltr'><strong>Versa</strong></span> <span class='ocrx_word' id='word_1_87' title='bbox 471 1565 503 1615; x_wconf 88' lang='lat' dir='ltr'><strong>est</strong></span> <span class='ocrx_word' id='word_1_88' title='bbox 513 1569 539 1613; x_wconf 90' lang='lat' dir='ltr'><strong>in</strong></span> <span class='ocrx_word' id='word_1_89' title='bbox 557 1567 662 1612; x_wconf 86' lang='lat' dir='ltr'><strong>cinerem</strong></span> <span class='ocrx_word' id='word_1_90' title='bbox 678 1565 764 1629; x_wconf 86' lang='lat' dir='ltr'><strong>sospite</strong></span> <span class='ocrx_word' id='word_1_91' title='bbox 777 1565 852 1629; x_wconf 80' lang='lat' dir='ltr'><strong>Troja</strong></span> <span class='ocrx_word' id='word_1_92' title='bbox 861 1567 923 1614; x_wconf 81' lang='lat' dir='ltr'><strong>viro.</strong></span> 
     </span>
     <span class='ocr_line' id='line_1_16' title="bbox 302 1635 950 1704; baseline 0 -16"><span class='ocrx_word' id='word_1_93' title='bbox 302 1654 329 1702; x_wconf 81' lang='lat'><strong>25</strong></span> <span class='ocrx_word' id='word_1_94' title='bbox 349 1639 455 1704; x_wconf 86' lang='lat' dir='ltr'><strong>Argolici</strong></span> <span class='ocrx_word' id='word_1_95' title='bbox 468 1636 559 1686; x_wconf 86' lang='lat' dir='ltr'><strong>rediere</strong></span> <span class='ocrx_word' id='word_1_96' title='bbox 570 1635 654 1686; x_wconf 82' lang='lat' dir='ltr'><strong>duces:</strong></span> <span class='ocrx_word' id='word_1_97' title='bbox 667 1638 751 1687; x_wconf 84' lang='lat' dir='ltr'><strong>altaria</strong></span> <span class='ocrx_word' id='word_1_98' title='bbox 761 1638 874 1688; x_wconf 82' lang='lat' dir='ltr'><strong>fumant:</strong></span> <span class='ocrx_word' id='word_1_99' title='bbox 945 1653 950 1663; x_wconf 87' lang='lat'>&#39;</span> 
     </span>
     <span class='ocr_line' id='line_1_17' title="bbox 382 1714 906 1781; baseline -0.002 -14"><span class='ocrx_word' id='word_1_100' title='bbox 382 1719 482 1767; x_wconf 86' lang='lat' dir='ltr'><strong>Ponitur</strong></span> <span class='ocrx_word' id='word_1_101' title='bbox 493 1714 523 1765; x_wconf 87' lang='lat' dir='ltr'><strong>ad</strong></span> <span class='ocrx_word' id='word_1_102' title='bbox 534 1719 623 1781; x_wconf 88' lang='lat' dir='ltr'><strong>patrios</strong></span> <span class='ocrx_word' id='word_1_103' title='bbox 634 1716 733 1765; x_wconf 89' lang='lat' dir='ltr'><strong>barbara</strong></span> <span class='ocrx_word' id='word_1_104' title='bbox 743 1716 822 1781; x_wconf 81' lang='lat' dir='ltr'><strong>praeda</strong></span> <span class='ocrx_word' id='word_1_105' title='bbox 832 1718 906 1766; x_wconf 86' lang='lat' dir='ltr'><strong>Deos.</strong></span> 
     </span>
     <span class='ocr_line' id='line_1_18' title="bbox 349 1794 970 1859; baseline 0.002 -12"><span class='ocrx_word' id='word_1_106' title='bbox 349 1798 423 1848; x_wconf 80' lang='lat' dir='ltr'><strong>Grata</strong></span> <span class='ocrx_word' id='word_1_107' title='bbox 434 1795 514 1845; x_wconf 87' lang='lat' dir='ltr'><strong>ferunt</strong></span> <span class='ocrx_word' id='word_1_108' title='bbox 526 1795 646 1859; x_wconf 86' lang='lat' dir='ltr'><strong>Nymphae</strong></span> <span class='ocrx_word' id='word_1_109' title='bbox 658 1810 701 1858; x_wconf 90' lang='lat' dir='ltr'><strong>pro</strong></span> <span class='ocrx_word' id='word_1_110' title='bbox 713 1795 782 1844; x_wconf 76' lang='lat' dir='ltr'><strong>salvis</strong></span> <span class='ocrx_word' id='word_1_111' title='bbox 791 1794 854 1845; x_wconf 86' lang='lat' dir='ltr'><strong>dona</strong></span> <span class='ocrx_word' id='word_1_112' title='bbox 865 1799 970 1848; x_wconf 82' lang='lat' dir='ltr'><strong>maritis:</strong></span> 
     </span>
     <span class='ocr_line' id='line_1_19' title="bbox 381 1875 814 1927; baseline 0.007 -3"><span class='ocrx_word' id='word_1_113' title='bbox 381 1875 421 1924; x_wconf 93' lang='lat' dir='ltr'><strong>llli</strong></span> <span class='ocrx_word' id='word_1_114' title='bbox 437 1878 498 1926; x_wconf 72' lang='lat' dir='ltr'><strong>viiia</strong></span> <span class='ocrx_word' id='word_1_115' title='bbox 509 1876 555 1923; x_wconf 89' lang='lat' dir='ltr'><strong>suis</strong></span> <span class='ocrx_word' id='word_1_116' title='bbox 569 1875 646 1924; x_wconf 83' lang='lat' dir='ltr'><strong>Troia</strong></span> <span class='ocrx_word' id='word_1_117' title='bbox 657 1875 705 1925; x_wconf 84' lang='lat' dir='ltr'><strong>fata</strong></span> <span class='ocrx_word' id='word_1_118' title='bbox 716 1891 814 1927; x_wconf 82' lang='lat' dir='ltr'><strong>canunt.</strong></span> 
     </span>
     <span class='ocr_line' id='line_1_20' title="bbox 348 1955 954 2026; baseline 0.01 -23"><span class='ocrx_word' id='word_1_119' title='bbox 348 1955 469 2007; x_wconf 82' lang='lat' dir='ltr'><strong>Mirantur</strong></span> <span class='ocrx_word' id='word_1_120' title='bbox 487 1957 587 2022; x_wconf 88' lang='lat' dir='ltr'><strong>justique</strong></span> <span class='ocrx_word' id='word_1_121' title='bbox 605 1959 683 2017; x_wconf 88' lang='lat' dir='ltr'><strong>senes,</strong></span> <span class='ocrx_word' id='word_1_122' title='bbox 698 1957 842 2026; x_wconf 77' lang='lat' dir='ltr'><strong>trepidaque</strong></span> <span class='ocrx_word' id='word_1_123' title='bbox 857 1960 954 2025; x_wconf 82' lang='lat' dir='ltr'><strong>puellae:</strong></span> 
     </span>
     <span class='ocr_line' id='line_1_21' title="bbox 303 2030 890 2097; baseline 0.007 -18"><span class='ocrx_word' id='word_1_124' title='bbox 303 2042 333 2086; x_wconf 85' lang='lat'><strong>30</strong></span> <span class='ocrx_word' id='word_1_125' title='bbox 382 2030 507 2080; x_wconf 75' lang='lat' dir='ltr'><strong>Narrantis</strong></span> <span class='ocrx_word' id='word_1_126' title='bbox 525 2037 614 2096; x_wconf 83' lang='lat' dir='ltr'><strong>conjux</strong></span> <span class='ocrx_word' id='word_1_127' title='bbox 633 2031 720 2097; x_wconf 87' lang='lat' dir='ltr'><strong>pendet</strong></span> <span class='ocrx_word' id='word_1_128' title='bbox 737 2036 766 2082; x_wconf 85' lang='lat' dir='ltr'><strong>ab</strong></span> <span class='ocrx_word' id='word_1_129' title='bbox 781 2053 822 2083; x_wconf 86' lang='lat' dir='ltr'><strong>ore</strong></span> <span class='ocrx_word' id='word_1_130' title='bbox 834 2039 890 2085; x_wconf 86' lang='lat' dir='ltr'><strong>¹viri.</strong></span> 
     </span>
     <span class='ocr_line' id='line_1_22' title="bbox 349 2107 1030 2178; baseline 0.012 -22"><span class='ocrx_word' id='word_1_131' title='bbox 349 2107 427 2173; x_wconf 91' lang='lat' dir='ltr'><strong>Atque</strong></span> <span class='ocrx_word' id='word_1_132' title='bbox 443 2107 528 2173; x_wconf 82' lang='lat' dir='ltr'><strong>aliquis</strong></span> <span class='ocrx_word' id='word_1_133' title='bbox 543 2109 622 2172; x_wconf 73' lang='lat' dir='ltr'><strong>positi</strong></span> <span class='ocrx_word' id='word_1_134' title='bbox 636 2111 752 2160; x_wconf 83' lang='lat' dir='ltr'><strong>monstrat</strong></span> <span class='ocrx_word' id='word_1_135' title='bbox 767 2111 816 2162; x_wconf 85' lang='lat' dir='ltr'><strong>fera</strong></span> <span class='ocrx_word' id='word_1_136' title='bbox 833 2115 919 2178; x_wconf 77' lang='lat' dir='ltr'><strong>proelia</strong></span> <span class='ocrx_word' id='word_1_137' title='bbox 933 2114 1030 2175; x_wconf 71' lang='lat' dir='ltr'><strong>mensd;</strong></span> 
     </span>
     <span class='ocr_line' id='line_1_23' title="bbox 382 2187 889 2253; baseline 0.018 -20"><span class='ocrx_word' id='word_1_138' title='bbox 382 2187 462 2250; x_wconf 87' lang='lat' dir='ltr'><strong>Pingit</strong></span> <span class='ocrx_word' id='word_1_139' title='bbox 479 2189 601 2250; x_wconf 84' lang='lat' dir='ltr'><strong>&amp;exiguo</strong></span> <span class='ocrx_word' id='word_1_140' title='bbox 619 2189 732 2253; x_wconf 85' lang='lat' dir='ltr'><strong>Pergama</strong></span> <span class='ocrx_word' id='word_1_141' title='bbox 747 2206 798 2240; x_wconf 91' lang='lat' dir='ltr'><strong>tota</strong></span> <span class='ocrx_word' id='word_1_142' title='bbox 812 2211 889 2243; x_wconf 81' lang='lat' dir='ltr'><strong>mero.</strong></span> 
     </span>
     <span class='ocr_line' id='line_1_24' title="bbox 349 2261 881 2333; baseline 0.017 -21"><span class='ocrx_word' id='word_1_143' title='bbox 349 2261 403 2312; x_wconf 76' lang='lat' dir='ltr'><strong>llic</strong></span> <span class='ocrx_word' id='word_1_144' title='bbox 421 2265 472 2314; x_wconf 87' lang='lat' dir='ltr'><strong>ibat</strong></span> <span class='ocrx_word' id='word_1_145' title='bbox 489 2267 592 2324; x_wconf 80' lang='lat' dir='ltr'><strong>Simoi&#39;s3</strong></span> <span class='ocrx_word' id='word_1_146' title='bbox 609 2265 649 2315; x_wconf 87' lang='lat' dir='ltr'><strong>hic</strong></span> <span class='ocrx_word' id='word_1_147' title='bbox 664 2269 696 2316; x_wconf 91' lang='lat' dir='ltr'><strong>est</strong></span> <span class='ocrx_word' id='word_1_148' title='bbox 708 2272 786 2333; x_wconf 83' lang='lat' dir='ltr'><strong>Sigeia</strong></span> <span class='ocrx_word' id='word_1_149' title='bbox 798 2272 881 2321; x_wconf 83' lang='lat' dir='ltr'><strong>tellus:</strong></span> 
     </span>
     <span class='ocr_line' id='line_1_25' title="bbox 382 2340 871 2409; baseline 0.01 -18"><span class='ocrx_word' id='word_1_150' title='bbox 382 2340 430 2391; x_wconf 83' lang='lat' dir='ltr'><strong>Hic</strong></span> <span class='ocrx_word' id='word_1_151' title='bbox 448 2342 542 2391; x_wconf 85' lang='lat' dir='ltr'><strong>steterat</strong></span> <span class='ocrx_word' id='word_1_152' title='bbox 554 2344 641 2393; x_wconf 80' lang='lat' dir='ltr'><strong>Priami</strong></span> <span class='ocrx_word' id='word_1_153' title='bbox 656 2348 719 2409; x_wconf 84' lang='lat' dir='ltr'><strong>regia</strong></span> <span class='ocrx_word' id='word_1_154' title='bbox 730 2346 792 2395; x_wconf 84' lang='lat' dir='ltr'><strong>celsa</strong></span> <span class='ocrx_word' id='word_1_155' title='bbox 802 2349 871 2396; x_wconf 85' lang='lat' dir='ltr'><strong>senis.</strong></span> 
     </span>
     <span class='ocr_line' id='line_1_26' title="bbox 303 2417 863 2493; baseline 0.011 -26"><span class='ocrx_word' id='word_1_156' title='bbox 303 2445 330 2493; x_wconf 76' lang='lat'><strong>35</strong></span> <span class='ocrx_word' id='word_1_157' title='bbox 349 2418 402 2468; x_wconf 92' lang='lat' dir='ltr'><strong>lllic</strong></span> <span class='ocrx_word' id='word_1_158' title='bbox 413 2417 539 2479; x_wconf 84' lang='lat' dir='ltr'><strong>AEacides,</strong></span> <span class='ocrx_word' id='word_1_159' title='bbox 557 2419 607 2472; x_wconf 87' lang='lat' dir='ltr'><strong>illic</strong></span> <span class='ocrx_word' id='word_1_160' title='bbox 624 2419 735 2471; x_wconf 85' lang='lat' dir='ltr'><strong>tendebat</strong></span> <span class='ocrx_word' id='word_1_161' title='bbox 750 2420 863 2485; x_wconf 81' lang='lat' dir='ltr'><strong>Ulyffes:</strong></span> 
     </span>
     <span class='ocr_line' id='line_1_27' title="bbox 382 2494 919 2567; baseline 0.004 -21"><span class='ocrx_word' id='word_1_162' title='bbox 382 2494 429 2546; x_wconf 83' lang='lat' dir='ltr'><strong>Hic</strong></span> <span class='ocrx_word' id='word_1_163' title='bbox 443 2497 505 2546; x_wconf 81' lang='lat' dir='ltr'><strong>lacer</strong></span> <span class='ocrx_word' id='word_1_164' title='bbox 517 2494 630 2546; x_wconf 76' lang='lat' dir='ltr'><strong>admissos</strong></span> <span class='ocrx_word' id='word_1_165' title='bbox 644 2502 727 2548; x_wconf 87' lang='lat' dir='ltr'><strong>terruit</strong></span> <span class='ocrx_word' id='word_1_166' title='bbox 738 2499 824 2548; x_wconf 70' lang='lat' dir='ltr'><strong>Hedior</strong></span> <span class='ocrx_word' id='word_1_167' title='bbox 837 2518 919 2567; x_wconf 88' lang='lat' dir='ltr'><strong>equos.</strong></span> 
     </span>
     <span class='ocr_line' id='line_1_28' title="bbox 349 2575 958 2643; baseline 0.005 -17"><span class='ocrx_word' id='word_1_168' title='bbox 349 2576 439 2626; x_wconf 83' lang='lat' dir='ltr'><strong>Omnia</strong></span> <span class='ocrx_word' id='word_1_169' title='bbox 449 2593 552 2642; x_wconf 85' lang='lat' dir='ltr'><strong>namque</strong></span> <span class='ocrx_word' id='word_1_170' title='bbox 564 2591 606 2625; x_wconf 91' lang='lat' dir='ltr'><strong>tuo</strong></span> <span class='ocrx_word' id='word_1_171' title='bbox 618 2577 708 2637; x_wconf 87' lang='lat' dir='ltr'><strong>senior,</strong></span> <span class='ocrx_word' id='word_1_172' title='bbox 725 2592 748 2627; x_wconf 91' lang='lat' dir='ltr'><strong>te</strong></span> <span class='ocrx_word' id='word_1_173' title='bbox 758 2595 861 2643; x_wconf 84' lang='lat' dir='ltr'><strong>quaerere</strong></span> <span class='ocrx_word' id='word_1_174' title='bbox 873 2575 958 2639; x_wconf 76' lang='lat' dir='ltr'><strong>millo,</strong></span> 
     </span>
     <span class='ocr_line' id='line_1_29' title="bbox 382 2653 862 2705; baseline 0.004 -2"><span class='ocrx_word' id='word_1_175' title='bbox 382 2654 504 2703; x_wconf 79' lang='lat' dir='ltr'><strong>Retulerat</strong></span> <span class='ocrx_word' id='word_1_176' title='bbox 518 2670 575 2705; x_wconf 87' lang='lat' dir='ltr'><strong>nato</strong></span> <span class='ocrx_word' id='word_1_177' title='bbox 593 2653 678 2703; x_wconf 91' lang='lat' dir='ltr'><strong>Nestor</strong></span> <span class='ocrx_word' id='word_1_178' title='bbox 689 2672 696 2702; x_wconf 72' lang='grc' dir='ltr'><strong><em>ε</em></strong></span> <span class='ocrx_word' id='word_1_179' title='bbox 708 2670 732 2704; x_wconf 83' lang='lat' dir='ltr'><strong>at</strong></span> <span class='ocrx_word' id='word_1_180' title='bbox 743 2656 783 2704; x_wconf 89' lang='lat' dir='ltr'><strong>ille</strong></span> <span class='ocrx_word' id='word_1_181' title='bbox 793 2659 862 2705; x_wconf 90' lang='lat' dir='ltr'><strong>mihi.</strong></span> 
     </span>
     <span class='ocr_line' id='line_1_30' title="bbox 349 2727 969 2795; baseline 0.002 -17"><span class='ocrx_word' id='word_1_182' title='bbox 349 2729 441 2778; x_wconf 80' lang='lat' dir='ltr'><strong>Retulit</strong></span> <span class='ocrx_word' id='word_1_183' title='bbox 452 2733 476 2777; x_wconf 79' lang='grc' dir='ltr'><strong>δι</strong></span> <span class='ocrx_word' id='word_1_184' title='bbox 490 2727 552 2777; x_wconf 83' lang='lat' dir='ltr'><strong>ferro</strong></span> <span class='ocrx_word' id='word_1_185' title='bbox 565 2729 716 2794; x_wconf 90' lang='lat' dir='ltr'><strong>Rhesumque</strong></span> <span class='ocrx_word' id='word_1_186' title='bbox 726 2728 871 2795; x_wconf 87' lang='lat' dir='ltr'><strong>Dolonaque</strong></span> <span class='ocrx_word' id='word_1_187' title='bbox 881 2733 969 2790; x_wconf 73' lang='lat' dir='ltr'><strong>casos,</strong></span> 
     </span>
     <span class='ocr_line' id='line_1_31' title="bbox 301 2804 924 2871; baseline 0.002 -16"><span class='ocrx_word' id='word_1_188' title='bbox 301 2822 333 2869; x_wconf 84' lang='lat'><strong>40</strong></span> <span class='ocrx_word' id='word_1_189' title='bbox 382 2806 463 2871; x_wconf 88' lang='lat' dir='ltr'><strong>thue</strong></span> <span class='ocrx_word' id='word_1_190' title='bbox 475 2808 504 2854; x_wconf 87' lang='lat' dir='ltr'><strong>sit</strong></span> <span class='ocrx_word' id='word_1_191' title='bbox 515 2808 554 2854; x_wconf 89' lang='lat' dir='ltr'><strong>hic</strong></span> <span class='ocrx_word' id='word_1_192' title='bbox 567 2807 652 2855; x_wconf 87' lang='lat' dir='ltr'><strong>somno</strong></span> <span class='ocrx_word' id='word_1_193' title='bbox 669 2804 793 2870; x_wconf 88' lang='lat' dir='ltr'><strong>proditus,</strong></span> <span class='ocrx_word' id='word_1_194' title='bbox 804 2808 846 2855; x_wconf 91' lang='lat' dir='ltr'><strong>ille</strong></span> <span class='ocrx_word' id='word_1_195' title='bbox 857 2807 924 2856; x_wconf 89' lang='lat' dir='ltr'><strong>dolo.</strong></span> 
     </span>
     <span class='ocr_line' id='line_1_32' title="bbox 349 2881 1006 2950; baseline 0.009 -19"><span class='ocrx_word' id='word_1_196' title='bbox 349 2883 424 2932; x_wconf 84' lang='lat' dir='ltr'><strong>Ausus</strong></span> <span class='ocrx_word' id='word_1_197' title='bbox 441 2900 481 2942; x_wconf 86' lang='lat' dir='ltr'><strong>es,</strong></span> <span class='ocrx_word' id='word_1_198' title='bbox 496 2881 512 2931; x_wconf 85' lang='grc' dir='ltr'>ὂ</span> <span class='ocrx_word' id='word_1_199' title='bbox 527 2885 630 2930; x_wconf 86' lang='lat' dir='ltr'><strong>nimium</strong></span> <span class='ocrx_word' id='word_1_200' title='bbox 645 2886 795 2950; x_wconf 89' lang='lat' dir='ltr'><strong>nimiumque</strong></span> <span class='ocrx_word' id='word_1_201' title='bbox 806 2886 882 2936; x_wconf 89' lang='lat' dir='ltr'><strong>oblite</strong></span> <span class='ocrx_word' id='word_1_202' title='bbox 895 2903 1006 2948; x_wconf 86' lang='lat' dir='ltr'><strong>tuorum,</strong></span> 
     </span>
     <span class='ocr_line' id='line_1_33' title="bbox 382 2959 914 3022; baseline 0.009 -16"><span class='ocrx_word' id='word_1_203' title='bbox 382 2959 484 3006; x_wconf 82' lang='lat' dir='ltr'><strong>Thracia</strong></span> <span class='ocrx_word' id='word_1_204' title='bbox 504 2960 620 3005; x_wconf 66' lang='lat' dir='ltr'><strong>nosturno</strong></span> <span class='ocrx_word' id='word_1_205' title='bbox 638 2973 733 3022; x_wconf 85' lang='lat' dir='ltr'><strong>tangere</strong></span> <span class='ocrx_word' id='word_1_206' title='bbox 750 2960 822 3010; x_wconf 84' lang='lat' dir='ltr'><strong>castra</strong></span> <span class='ocrx_word' id='word_1_207' title='bbox 836 2960 914 3021; x_wconf 81' lang='lat' dir='ltr'><strong>dol03</strong></span> 
     </span>
     <span class='ocr_line' id='line_1_34' title="bbox 350 3036 951 3104; baseline 0.007 -17"><span class='ocrx_word' id='word_1_208' title='bbox 350 3037 447 3102; x_wconf 87' lang='lat' dir='ltr'><strong>Totque</strong></span> <span class='ocrx_word' id='word_1_209' title='bbox 461 3036 530 3085; x_wconf 91' lang='lat' dir='ltr'><strong>simul</strong></span> <span class='ocrx_word' id='word_1_210' title='bbox 543 3036 643 3083; x_wconf 73' lang='lat' dir='ltr'><strong>mastare</strong></span> <span class='ocrx_word' id='word_1_211' title='bbox 655 3038 735 3095; x_wconf 87' lang='lat' dir='ltr'><strong>viros,</strong></span> <span class='ocrx_word' id='word_1_212' title='bbox 749 3036 842 3104; x_wconf 86' lang='lat' dir='ltr'><strong>adjutus</strong></span> <span class='ocrx_word' id='word_1_213' title='bbox 853 3042 882 3089; x_wconf 88' lang='lat' dir='ltr'><strong>ab</strong></span> <span class='ocrx_word' id='word_1_214' title='bbox 893 3058 951 3091; x_wconf 88' lang='lat' dir='ltr'><strong>uno.</strong></span> 
     </span>
     <span class='ocr_line' id='line_1_35' title="bbox 381 3115 957 3175; baseline 0.007 -11"><span class='ocrx_word' id='word_1_215' title='bbox 381 3115 414 3168; x_wconf 85' lang='lat' dir='ltr'><strong>At</strong></span> <span class='ocrx_word' id='word_1_216' title='bbox 430 3116 582 3175; x_wconf 78' lang='lat' dir='ltr'><strong>benecautus</strong></span> <span class='ocrx_word' id='word_1_217' title='bbox 601 3128 668 3175; x_wconf 76' lang='lat' dir='ltr'><strong>eras,</strong></span> <span class='ocrx_word' id='word_1_218' title='bbox 685 3118 710 3164; x_wconf 74' lang='grc' dir='ltr'><strong>ὃ(</strong></span> <span class='ocrx_word' id='word_1_219' title='bbox 722 3131 816 3168; x_wconf 88' lang='lat' dir='ltr'><strong>memor</strong></span> <span class='ocrx_word' id='word_1_220' title='bbox 832 3134 887 3169; x_wconf 83' lang='lat' dir='ltr'><strong>ante</strong></span> <span class='ocrx_word' id='word_1_221' title='bbox 900 3122 957 3171; x_wconf 87' lang='lat' dir='ltr'><strong>mei.</strong></span> 
     </span>
    </p>
   </div>
   <div class='ocr_carea' id='block_1_3' title="bbox 0 0 1188 3992">
    <p class='ocr_par' dir='ltr' id='par_1_3' title="bbox 0 0 1188 3992">
     <span class='ocr_line' id='line_1_36' title="bbox 0 0 1188 3992; baseline 0 0"><span class='ocrx_word' id='word_1_222' title='bbox 0 0 1188 3992; x_wconf 95' lang='lat' dir='ltr'><strong> </strong></span> 
     </span>
    </p>
   </div>
  </div>
 </body>
</html>
