2367 3992
266 485 306 550 18
360 483 402 551 P.
432 485 625 551 01111211
647 485 880 553 NAsouts

295 606 382 669 Sparsit
395 608 480 654 humi:
493 607 559 654 soror
571 605 603 654 est
619 604 698 671 prada
709 605 791 654 relista
799 603 866 654 serit·

260 682 341 731 Prima
350 685 490 748 securigeras
502 686 563 731 inter
573 686 662 733 virtute
672 682 762 748 puellas

294 761 329 809 Te
339 764 446 826 peperit,
457 764 507 809 nati
517 758 589 825 digna
600 764 682 826 vigore
693 777 784 826 parent.

262 841 286 886 Si
299 855 387 904 quaeras
397 870 405 898 ‚
423 839 463 886 nbi
475 841 521 896 sit3
538 839 642 886 Theseus
653 838 713 887 latus
725 840 779 887 ense
789 838 897 903 peregitt

216 899 261 931 ¹²⁰
296 918 347 966 Nec
360 931 427 966 tanto
439 932 514 965 mater
528 919 627 981 pignore
643 931 694 965 tuta
706 916 760 965 fuit.

260 994 292 1044 At
306 1011 337 1043 ne
347 1009 421 1058 nupta
432 992 548 1061 quidem,
561 992 670 1059 teddque
681 1009 777 1058 accepta
787 991 871 1059 jugali.

293 1070 361 1121 Cur?
374 1075 419 1120 nisi
430 1088 568 1136 nercaperes
586 1088 658 1135 regna
671 1087 767 1135 paterna
781 1073 878 1119 nothus.

260 1147 362 1198 Addidit
373 1153 397 1198 δι
409 1149 491 1198 fratres
500 1166 527 1196 ex
538 1166 576 1196 me
584 1150 627 1197 tibi
638 1168 643 1196 :
657 1166 717 1214 quos
729 1163 809 1198 tamen
819 1162 904 1195 omues

293 1226 349 1275 Non
361 1243 406 1290 ego
416 1225 518 1276 tollendi
530 1229 612 1285 causa,
624 1225 665 1275 sed
675 1227 716 1274 ille
729 1226 783 1275 suit.

214 1303 298 1352 ¹250!
311 1306 403 1351 utinam
414 1307 522 1352 nocitura
533 1305 594 1362 tibi,
612 1303 771 1367 pulcherrime
782 1320 861 1353 rerum
872 1338 881 1364 ,

292 1382 319 1429 ln
333 1380 414 1430 medio
425 1384 477 1430 nisu
486 1383 575 1430 viscera
585 1396 655 1446 rupta
667 1381 761 1431 forent!

260 1458 270 1507 l
281 1477 359 1519 nune,
373 1464 397 1508 &
409 1463 487 1508 meriti
498 1459 585 1517 lesbum
595 1477 700 1509 reverere
711 1464 831 1525 parentis,

293 1538 371 1597 Quem
383 1538 458 1602 fugit,
471 1542 494 1586 ὃ(
507 1538 572 1586 stolis
584 1537 679 1587 abdicat
688 1539 729 1586 ille
741 1541 795 1587 suis.

260 1613 326 1673 Nec,
338 1617 393 1679 quin
405 1610 607 1679 privignovideor
618 1621 712 1665 coitura
722 1633 841 1679 noverca,

215 1710 261 1755 ¹30
297 1693 434 1741 Terruerint
444 1696 536 1742 animos
544 1698 643 1742 nomint
650 1711 711 1744 vana
720 1710 783 1744 tuos.

259 1770 303 1820 lsta
319 1786 385 1820 vetus
400 1775 491 1836 pietas,
510 1788 561 1821 avo
581 1776 698 1821 moritura
709 1772 806 1833 futuro,

292 1844 386 1896 Rustica
401 1851 501 1898 Saturno
517 1866 589 1914 regna
601 1865 713 1908 tenente,
729 1849 782 1899 suit.

259 1927 370 1976 Saturnus
382 1929 469 1990 petiit,
488 1930 608 1992 petierunt
621 1932 644 1975 bt
657 1930 766 1989 suajura.

292 2005 339 2052 Sub
355 2004 413 2052 Jove
426 2022 488 2053 nunt
504 2003 624 2064 mundus3
643 2010 694 2071 jura
709 2004 826 2071 sequenda
838 2008 912 2058 lovis.

214 2081 366 2146 ¹35lttppiter
381 2079 427 2130 elle
445 2086 513 2147 pium
525 2084 618 2139 statuit,
633 2082 803 2150 quodcumque
816 2090 920 2152 juvaret:

292 2159 322 2208 Et
336 2159 369 2208 fas
380 2176 452 2208 omne
464 2160 521 2209 facit
532 2161 604 2209 fratre
620 2165 706 2210 marita
723 2163 798 2213 soror.

258 2236 304 2287 Illa
319 2243 369 2286 coit
381 2236 450 2286 furni
462 2242 553 2302 generis
564 2241 671 2303 junduta
685 2239 786 2299 careni,

292 2315 410 2379 Imposuit
419 2314 497 2364 nodos
512 2319 550 2365 tui
564 2317 644 2365 Venus
656 2318 705 2381 ipsu
715 2318 778 2365 suos.

259 2391 310 2442 Nec
324 2393 390 2441 labor
401 2393 448 2451 est3
467 2393 542 2442 celare
553 2387 624 2443 licet.
641 2396 697 2443 Pete
712 2411 798 2442 munus
813 2395 843 2444 ab
855 2394 911 2445 illae

214 2492 258 2538 ¹40
292 2470 405 2536 Cognato
418 2475 506 2536 poterit
517 2476 615 2520 nomine
627 2472 697 2535 culpa
709 2475 764 2536 tegi.

260 2547 354 2600 Viderit
365 2550 487 2614 amplexos
500 2549 584 2614 aliquis
595 2567 602 2607 3
615 2547 767 2598 laudabimur
782 2549 862 2598 ambo.

291 2627 364 2676 Dicar
382 2630 491 2692 privigno
508 2625 554 2675 fida
571 2643 674 2675 noverca
690 2644 754 2675 meo.

259 2705 317 2756 Non
330 2707 374 2755 tibi
385 2722 425 2770 per
437 2706 543 2754 tenebras
558 2702 612 2752 duri
624 2702 746 2752 reseranda
757 2707 838 2753 mariti

291 2784 383 2843 lanua,
400 2800 449 2831 non
464 2783 539 2831 custos
558 2780 711 2846 decipiendus
729 2785 781 2830 erit.

214 2861 296 2918 145Ut
309 2865 385 2910 tenuit
399 2859 485 2910 domus
504 2877 551 2909 una
562 2859 639 2918 duos,
656 2858 742 2908 domus
753 2875 800 2907 una
814 2859 912 2909 tenebit.

293 2939 380 2988 Oscula
391 2955 471 3004 aperta
490 2937 579 2996 dabas,
595 2937 676 2986 oscula
691 2953 772 3001 aperta
786 2934 863 2985 dabis.

260 3019 337 3068 Tutus
351 3021 394 3065 eris
406 3034 518 3075 mecum,
533 3014 675 3080 laudemque
688 3017 807 3063 merebere
822 3013 892 3079 culpa
905 3031 913 3073 3

293 3097 331 3144 Tu
348 3094 403 3142 licet
413 3098 439 3142 in
450 3094 509 3142 lesio
525 3095 670 3158 conspiciare
681 3110 745 3141 meo.

261 3173 333 3226 Tolle
349 3189 428 3223 motas
445 3170 556 3232 tantini,
574 3184 745 3237 properataque
760 3167 851 3220 soedera
863 3171 946 3235 junge.
