2367 3992
281 351 672 425 nnAnrnAnAunr
690 352 729 421 L.
744 352 813 420 m.
865 373 936 442 259

249 475 288 526 Est
299 477 347 525 illis
356 480 396 526 sua
407 475 467 536 dos,
482 475 621 528 formarint
632 490 681 523 arte
693 489 787 539 potens.

216 552 281 605 Crlrn
292 572 355 604 mare
367 557 529 621 compositum
545 553 593 607 est,
603 555 697 601 securus
708 555 790 603 nauita
800 549 891 600 celsas:

248 631 315 684 Crlm
329 648 418 691 tumet,
432 633 524 682 auxiliis
533 629 619 680 assidet
628 630 669 679 ille
681 633 740 678 suis.

215 710 277 761 Rara
288 727 367 761 tamen
375 708 464 760 mendo
476 710 547 759 facies
558 725 622 758 caret
634 727 640 757 x
652 708 737 757 occule
748 705 863 757 mendas:

248 788 374 855 Quamque
384 804 469 854 potes,
486 791 574 837 vitium
585 789 691 851 torporis
704 783 764 834 abde
775 789 819 834 tui.

214 867 239 914 Si
258 867 333 916 brevis
345 884 368 915 es
378 903 385 927 ‚
397 865 490 925 sedeas3
501 883 530 914 ne
542 866 602 915 stans
613 862 707 915 videare
719 861 798 913 sedere
810 881 816 912 :

209 975 212 981 -
247 945 321 1009 Inque
332 959 373 993 tuo
381 949 457 1011 Jaceas
470 943 690 1010 quantulaeumque
703 958 767 992 toro.

213 1018 262 1069 Hic
277 1039 388 1087 quoque,
401 1039 430 1071 ne
444 1024 518 1086 possit
529 1020 579 1069 fieri
590 1022 700 1069 mensura
706 1022 833 1081 cubantis,

247 1098 337 1164 lnjetlal
348 1100 436 1147 lateant
444 1098 481 1146 fac
492 1100 536 1147 tibi
547 1098 609 1147 veste
620 1096 701 1162 pedes.

213 1174 276 1238 Quae
287 1176 389 1225 nimidm
400 1176 508 1241 gracilis,
519 1175 592 1240 pleno
603 1175 722 1225 velamina
732 1174 778 1224 filo

247 1257 331 1303 Sumat
340 1274 345 1302 ε
355 1258 379 1303 &
392 1272 419 1306 ert
429 1256 534 1303 humeris
544 1254 610 1301 laxus
620 1256 718 1302 amicius
729 1269 777 1303 ear.

212 1329 306 1381 Pallida
319 1336 442 1398 purpureis
454 1348 536 1398 tangat
546 1333 587 1382 sua
598 1349 699 1401 ctarpora
709 1336 796 1398 virgise

246 1409 345 1475 Nigrior
356 1409 387 1460 ad
398 1413 476 1460 Pharii
491 1412 596 1477 confuge
607 1414 679 1477 piscis
688 1429 773 1477 opem.

213 1488 256 1539 Pes
274 1488 351 1539 malus
360 1492 385 1539 in
400 1493 470 1539 niuea
479 1492 571 1556 semper
580 1491 671 1542 celetur
681 1490 746 1539 aluti
756 1508 765 1549 ᾗ

247 1566 320 1615 Arida
331 1583 374 1615 nec
384 1569 470 1618 vinclis
480 1584 548 1616 crura
557 1568 649 1619 resolve
659 1571 715 1616 suis.

212 1640 370 1692 Conveniunt
384 1658 464 1692 tenues
476 1645 576 1708 scapulis
587 1645 740 1696 analemides
750 1647 820 1696 altis:

245 1720 359 1769 Inflatum
371 1723 433 1769 circa
444 1721 515 1771 fascia
525 1724 605 1786 pedus
619 1737 665 1771 eat.

212 1798 305 1864 Exiguo
321 1803 397 1864 signet
406 1800 469 1864 gestu
481 1795 652 1867 quodcumque
662 1799 794 1868 loquetur,

245 1877 294 1927 Cui
308 1875 377 1942 digiti
392 1882 506 1944 pingues,
519 1882 544 1928 &
555 1880 636 1928 scaber
647 1883 732 1944 unguis
742 1895 820 1929 erunt.

211 1953 260 2004 Cui
278 1960 353 2021 gravis
364 1961 411 2005 oris
420 1955 498 2012 odor,
514 1974 647 2023 numquam
659 1961 739 2023 jeiuna
749 1958 877 2025 loquatur,

244 2034 274 2094 Et
288 2036 378 2100 semper
393 2038 469 2100 spatio
480 2034 549 2085 dillet
560 2038 589 2085 ab
601 2053 642 2087 ore
655 2039 707 2088 riri.

209 2112 235 2165 Si
246 2114 328 2175 niger,
339 2129 380 2161 aut
391 2117 472 2178 ingens
483 2129 601 2173 ‚autnon
612 2118 657 2167 erit
665 2114 749 2166 ordine
756 2130 827 2169 natus

242 2190 308 2238 Dens
323 2193 383 2251 tibi3
399 2191 500 2242 ridendo
510 2196 614 2244 maxima
625 2192 712 2245 damna
720 2195 791 2246 feres.
928 2188 977 2237 ὡ)

211 2267 271 2328 Quis
281 2267 378 2322 credar?
396 2268 490 2319 discunt
501 2275 573 2321 etiam
585 2269 661 2321 ridere
668 2273 770 2337 puellm:

243 2346 360 2405 Quaeritur
372 2363 441 2412 atque
457 2347 505 2396 illia
516 2351 560 2397 hac
574 2365 671 2416 quoque
683 2366 748 2410 parte
759 2349 841 2400 decor.

209 2425 262 2471 Sint
275 2423 365 2473 modici
376 2429 462 2484 tilius,
474 2428 522 2474 sint
532 2443 610 2489 parvae
622 2431 742 2492 utrimque
754 2428 861 2490 lacunar,

240 2501 271 2549 Et
282 2504 387 2551 summos
399 2500 481 2551 dentes
492 2507 539 2555 ima
551 2503 637 2553 labella
652 2520 741 2572 tegant.

208 2576 260 2627 Nec
275 2580 315 2626 sua
325 2594 442 2644 perpetuo
451 2579 598 2631 contendant
609 2582 651 2631 ilia
660 2585 726 2632 risu:
775 2645 779 2650 Ι
925 2590 970 2652 285

240 2655 286 2704 Sed
299 2656 350 2705 leve
361 2659 440 2706 nescio
451 2657 510 2727 quid
523 2659 700 2727 femineumque
717 2662 809 2712 sonent.

205 2732 246 2781 Est
256 2769 263 2791 ‚
272 2750 328 2799 ,quar
340 2738 447 2798 perverso
458 2735 604 2802 distorqueat
612 2756 655 2788 ora
664 2741 797 2791 cachinno:

238 2811 303 2861 Ctlm
315 2815 360 2860 risu
374 2812 427 2863 lata
437 2815 470 2868 est
479 2815 552 2864 altera
562 2813 618 2865 flete
627 2833 704 2882 putes.

207 2888 253 2941 Illa
264 2891 333 2939 sonat
344 2906 440 2940 raucum
453 2926 461 2952 ,
472 2892 636 2962 quiddamque
650 2899 780 2949 inamabile
793 2901 874 2953 stridet
879 2921 887 2960 3

187 3007 191 3015 .
240 2965 275 3015 Ut
290 2965 354 3016 rudit
365 2967 395 3016 ad
406 2970 510 3018 scabram
523 2976 596 3036 turpis
607 2975 678 3023 asella
694 2977 795 3026 molam.

206 3042 262 3106 Qud
274 3061 324 3100 nou
334 3064 369 3103 ars
377 3063 484 3118 penetrat
496 3052 505 3098 ἓ
516 3049 610 3106 diseunt
621 3052 752 3117 lacrymare
763 3054 872 3111 decenter
884 3077 894 3109 e
