2367 3992
294 478 568 546 Hunorum.
596 474 673 542 Er.
696 473 817 542 XVII.
868 499 909 564 93

188 597 283 649 Certus
294 598 319 656 iu
329 596 462 660 hospitibus
471 611 521 644 uon
531 595 564 643 est
573 611 659 654 nmor3
671 610 747 654 errat,
761 610 788 645 ur
797 598 842 661 ipsi
852 614 859 646 s

225 675 342 740 Crlmque
358 673 419 722 nihil
434 675 509 736 speres
525 671 617 721 firmius
633 669 695 730 eise,
712 672 769 722 fuit.

191 752 330 818 Hypsipyle
342 752 423 812 testis,
436 752 498 799 testis
509 751 606 799 Minoia
615 753 683 815 virgo
695 751 727 805 est
738 769 745 799 r

225 832 256 880 ln
266 847 317 883 non
332 832 443 878 exhibitis
453 844 552 894 utraque
563 829 613 878 lusa
622 832 692 878 toris.
961 882 965 902 x

191 911 233 960 Tu
244 924 360 974 quoque,
373 904 483 955 dilectam
494 906 600 965 multos,
613 904 700 961 infide,
711 922 754 971 per
761 921 836 956 annos
841 940 851 970 ,
922 938 964 986 ¹95

227 987 322 1035 Diceris
336 985 445 1034 OEnonen
459 981 585 1032 dellituiffe
601 1000 676 1032 tuam.

194 1063 248 1114 Nec
259 1078 340 1112 tamen
353 1065 402 1126 ipse
412 1079 500 1126 negas3
516 1066 540 1115 δι
552 1064 621 1112 uobis
636 1066 719 1117 omnia
728 1061 758 1113 de
768 1077 793 1113 te
825 1103 828 1108 .

228 1142 356 1202 Quaerere,
365 1144 384 1188 si
395 1141 484 1200 nescis,
497 1143 601 1189 maxima
610 1157 666 1189 cura
676 1142 737 1192 fuist
782 1151 789 1162 ’

196 1218 267 1270 Adde
278 1215 360 1284 quod.
371 1233 398 1267 ut
406 1221 485 1281 cupias
497 1219 604 1269 constans
615 1222 640 1266 in
651 1235 732 1271 amore
741 1235 851 1282 manere,

229 1298 288 1347 Non
299 1311 383 1360 potes:
397 1293 525 1360 expediunt
536 1299 584 1360 jam
596 1311 635 1344 tua
644 1295 696 1346 vela
707 1297 820 1360 Phryges.
920 1324 966 1355 200

196 1375 266 1425 Dum
276 1375 382 1440 loqueris
393 1389 504 1432 mecum,
514 1371 572 1421 dum
582 1391 631 1422 uox
644 1376 733 1438 sperata
745 1390 853 1438 paratur,

231 1453 280 1514 Qui
297 1453 358 1500 serat
373 1455 399 1500 in
412 1453 513 1516 patriam
523 1486 531 1510 ‚
543 1455 590 1515 iam
603 1454 647 1500 tibi
657 1467 741 1501 ventus
757 1455 810 1501 erit.

198 1531 316 1586 Cursibus
327 1533 354 1580 in
370 1527 456 1578 mediis
472 1531 585 1578 novitatis
598 1529 669 1593 plena
687 1529 806 1597 relinques

231 1607 327 1659 Gaudia
339 1627 345 1656 z
357 1612 495 1658 cumvenris
503 1607 580 1656 noster
591 1608 666 1656 abibit
677 1625 752 1658 amor.

198 1687 332 1752 rin-sequar
342 1721 351 1746 ,
371 1701 397 1736 ur
407 1684 506 1734 suades?
522 1684 664 1751 laudataque
674 1687 787 1753 Pergama
797 1692 886 1744 visam?
921 1715 965 1760 205

232 1767 353 1814 Pronurus
365 1769 389 1812 ὃ(
401 1767 481 1828 magni
493 1762 663 1812 Laomedontis
676 1769 730 1814 ero?

199 1843 260 1894 Non
268 1846 303 1901 ira
315 1858 447 1892 contemno
459 1841 561 1891 volucris
570 1845 689 1906 preconia
697 1842 788 1904 Fame,

233 1920 270 1969 Ut
284 1922 378 1986 probris
389 1935 460 1975 terras
471 1919 571 1984 impleat
580 1919 624 1971 illa
634 1923 703 1968 meis.

199 1997 269 2060 Quid
281 1997 310 2047 de
323 2015 363 2049 me
376 2000 457 2062 Sparte
469 2000 574 2062 poterit,
587 1994 647 2063 quid
660 1998 750 2055 Achaia
760 2013 811 2048 tota
818 2033 827 2060 ‚

234 2074 301 2136 Quid
311 2091 392 2140 gentes
404 2076 477 2135 Asrae,
497 2073 557 2142 quid
569 2090 610 2125 tua
622 2075 712 2139 Troja,
724 2075 806 2140 loqui?
923 2099 969 2132 210

201 2153 270 2223 Quid
282 2157 387 2204 Priamus
399 2152 428 2202 de
441 2171 493 2214 me,
507 2155 594 2202 Priami
605 2150 664 2217 quid
675 2155 760 2202 sentiet
770 2171 845 2216 uxor3

234 2235 331 2299 Totque
340 2236 375 2281 tui
385 2232 482 2285 fratres,
497 2228 692 2295 Dardanidesque
699 2237 789 2282 nurus?

200 2313 243 2361 Tu
254 2328 366 2377 quoque,
378 2308 420 2375 qui
436 2312 523 2375 poteris
535 2310 578 2358 tibi
591 2326 630 2357 me
640 2310 730 2373 sperare
741 2309 853 2375 fidelem,

236 2389 268 2438 Et
284 2405 334 2438 non
348 2387 460 2453 exemplis
471 2391 551 2436 anxius
563 2383 609 2434 effe
621 2390 682 2435 tuis?

199 2467 357 2537 Quicumque
368 2467 453 2515 Iliacos
464 2467 586 2513 intraverit
594 2461 684 2513 advena
690 2480 790 2535 porrus,
926 2493 968 2538 2¹5

237 2543 261 2591 Is
271 2544 316 2595 tibi
326 2544 414 2598 soliciti
422 2545 490 2599 sauss
501 2545 594 2605 timoris
606 2544 658 2602 erit.

201 2622 256 2686 lpse
269 2623 329 2669 mihi
344 2623 438 2686 quoties
448 2623 538 2678 iratus,
551 2619 682 2679 Adultera,
696 2618 775 2673 dices!

238 2699 335 2747 Oblitus
345 2699 424 2747 nostro
436 2701 525 2748 crimen
536 2695 608 2753 inesse
619 2714 696 2747 tuum.

202 2775 295 2831 Delicii
305 2775 348 2825 fies
358 2775 424 2826 idem
433 2778 586 2840 reprehensor
597 2780 622 2825 &
633 2779 727 2826 ausint:

238 2855 313 2904 Terra
324 2889 332 2915 ‚
345 2872 443 2920 precor,
455 2853 534 2904 vultus
545 2856 632 2903 obruat
641 2869 695 2903 ante
706 2871 782 2906 meos.

199 2933 237 2989 At
256 2931 322 2981 fruar
333 2931 410 2982 Iliacis
423 2927 524 2998 opibus,
538 2933 653 2999 cultuque
664 2934 752 2997 beato3

239 3009 360 3075 Donaque
375 3013 496 3075 promissis
512 3013 622 3060 uberiora
635 3011 719 3062 feram.

202 3087 313 3150 Purpura
324 3104 410 3153 nempe
421 3091 497 3147 mihi,
511 3091 659 3160 pretiosaque
671 3106 732 3141 texta
746 3091 865 3155 dabuntur
872 3115 882 3161 3

239 3164 410 3238 Congestoque
420 3169 471 3220 auri
478 3165 583 3239 pondere
594 3165 660 3240 dives
671 3186 721 3241 erp.

925 2896 972 2927 220
