2367 3992
334 480 382 542 40
437 453 479 522 P.
512 454 692 520 Ovrnrr
715 453 939 519 NAsorurs

353 587 1033 660 c--—-⁶“fflmffi=====›

376 633 661 646 -—-—u--—---

476 716 800 780 EPISTOLA
840 714 960 776 lx,-

433 850 675 910 DnrArrzrtA
716 849 947 908 Hnrtcutr.

337 939 537 1063 Garruroa
544 1008 676 1060 OEchaliam
684 1008 759 1061 titulis
769 1006 880 1060 accedere
890 1006 988 1059 uostris:

367 1089 489 1138 Vidorem
499 1091 566 1139 vicit
577 1085 723 1137 succubuill'e
735 1104 831 1154 queror.

333 1165 406 1215 fama
417 1163 565 1232 Pelasgiadas
577 1165 656 1215 subitd
672 1169 780 1232 pervenit
791 1167 817 1215 in
830 1165 898 1213 urbes

366 1243 473 1294 Decolor
485 1279 492 1303 ,
506 1248 530 1294 δι
543 1242 609 1294 fallis
619 1241 747 1301 inficienda
758 1247 821 1302 tuis;
896 1282 898 1287 .

305 1333 315 1380 5
336 1321 415 1384 Quem
427 1339 551 1390 nunquam
567 1323 645 1383 luno,
657 1324 773 1388 seriesque
784 1323 901 1373 immensa
907 1320 1019 1371 laborum

366 1401 487 1466 fregerit3
499 1403 554 1450 huic
566 1401 634 1450 lolen
644 1397 781 1465 imposuiffe
789 1404 885 1468 jugum.
1030 1389 1036 1396 ⁸

333 1478 388 1529 Hoc
400 1479 459 1531 velit
469 1478 611 1543 Eurystheus
620 1512 629 1539 ‚
639 1478 699 1529 velit
708 1481 756 1528 hoc
765 1495 878 1544 germana
885 1477 1019 1527 Tonantis:

352 1591 354 1596 ν
366 1557 477 1624 Laetaque
484 1561 515 1607 sir
524 1560 580 1606 vitae
591 1555 645 1604 labe
653 1573 755 1606 noverca
766 1572 821 1606 tuae.

333 1636 365 1685 At
378 1652 428 1685 non
437 1633 478 1684 ille
491 1634 568 1694 velit,
582 1636 621 1682 cui
633 1650 698 1694 nox,
711 1637 731 1683 si
740 1633 861 1695 creditur,
873 1650 921 1683 una

288 1737 317 1770 ιο
367 1712 425 1763 Non
442 1715 519 1772 tanti,
536 1727 562 1760 ur
573 1727 651 1760 tantus
667 1711 831 1778 conciperdre‚
847 1712 903 1768 fuir,

333 1790 389 1840 Plus
402 1792 462 1851 ribi,
477 1789 551 1858 quim
562 1791 625 1840 luno
632 1826 641 1852 ,
653 1794 737 1842 nocuit
747 1790 891 1842 Venusrilla
902 1785 1038 1856 premendo

366 1869 479 1929 Sustulit,
491 1872 541 1918 haec
549 1869 636 1918 humili
643 1871 685 1918 sub
696 1867 756 1934 pede
767 1869 832 1919 colla
839 1883 913 1920 tenet.
947 1890 953 1898 ²

333 1948 432 2012 Respice
446 1946 580 2000 vindicibus
596 1963 708 2013 pacatum
718 1949 810 1998 viribus
818 1948 920 2007 orbern,

282 2041 291 2053 ⁴
367 2025 421 2084 Qud
436 2025 510 2075 latam
528 2026 619 2076 Nereus
629 2027 728 2076 caerulus
739 2028 816 2076 ambit
824 2028 936 2076 humum.
1035 2021 1037 2024 ’

287 2121 313 2168 ¹5
334 2104 361 2152 Se
381 2105 425 2152 tibi
436 2121 481 2169 pax
493 2119 574 2164 term,
587 2106 633 2154 tibi
643 2107 665 2153 se
675 2121 725 2172 rura
735 2122 831 2172 aequora
841 2103 946 2154 debente

366 2181 471 2246 lmplesti
481 2186 571 2232 meritis
585 2182 641 2231 solis
654 2197 779 2250 utramque
790 2182 900 2234 domum.

333 2256 407 2319 Quod
419 2273 442 2307 te
454 2258 556 2308 laturum
573 2261 619 2320 est,
633 2261 722 2310 coelum
737 2265 801 2326 prior
808 2262 856 2326 ipse
869 2258 960 2310 tulisti:

367 2336 468 2386 Hercule
479 2338 601 2402 supposito
613 2336 689 2389 sidera
698 2338 768 2388 fulcit
779 2338 853 2388 Atlas.

333 2413 398 2474 Quid
408 2418 453 2464 nisi
463 2418 549 2466 notitia
557 2417 589 2465 est
598 2419 685 2467 misero
696 2420 793 2483 quesita
803 2415 906 2482 pudori,

285 2518 316 2552 20
366 2495 389 2542 Si
402 2494 507 2544 maculas
522 2493 594 2560 stupri
606 2495 666 2545 falia
677 2499 756 2561 priora
765 2495 823 2545 nord
834 2499 843 2544 ἓ

333 2571 398 2622 Tene
410 2572 490 2623 ferunt
499 2576 607 2639 geminos
618 2572 724 2639 pressiffe
737 2577 849 2624 tenaciter
859 2589 946 2639 angues
957 2606 968 2634 ,
997 2566 1003 2574 ⁸

364 2649 430 2700 cum
437 2665 502 2700 tener
513 2654 538 2700 in
549 2655 615 2700 cunis
624 2655 673 2716 jam
683 2653 741 2702 love
753 2649 838 2716 dignus
849 2655 917 2700 eras?

332 2725 434 2792 Coepisti
445 2728 541 2783 melich,
553 2728 628 2795 qudm
639 2727 739 2778 desinis:
750 2730 835 2778 ultima
845 2731 930 2794 primis

364 2802 462 2854 Cedunt
474 2824 479 2854 :
492 2805 619 2857 dissimiles
626 2809 666 2856 hic
676 2811 713 2858 vir
724 2807 799 2858 &ille
809 2824 876 2872 puer.

284 2917 311 2965 25
332 2881 410 2943 Quem
421 2899 471 2933 non
481 2884 548 2933 mille
560 2885 631 2944 ferae,
643 2901 716 2950 quem
725 2901 776 2934 non
786 2883 934 2933 Stheneleius
948 2884 1039 2948 hostis,

364 2958 422 3007 Non
435 2965 515 3025 potuit
524 2963 586 3011 luno
598 2965 692 3013 vincere
702 2981 709 3022 ς
718 2965 793 3014 vincit
802 2963 885 3012 Amor.

330 3037 364 3088 At
378 3039 437 3086 bene
445 3054 519 3104 nupta
528 3040 592 3091 feror
599 3075 608 3101 ,
627 3044 683 3106 quia
691 3044 802 3091 nominer
815 3041 924 3091 Herculis
937 3058 1014 3094 uxor:

364 3117 445 3184 Sitque
459 3119 542 3182 socer,
557 3117 645 3186 rapidis
655 3122 698 3188 qui
708 3133 776 3171 tonat
786 3118 847 3172 altus
861 3122 939 3187 equis
