2367 3992
319 471 581 541 Hunorum.
611 468 684 536 Er.
718 467 812 538 VII.
885 493 924 556 33

204 591 297 660 Exige,
310 591 364 644 laese
376 593 469 661 pudor,
486 611 585 662 pennas,
598 593 688 644 violare
699 595 808 644 Sichaeot

238 671 278 721 Ad
292 690 383 738 quem,
396 662 435 722 nie
444 673 571 723 miseram!
584 673 655 738 plena
665 670 764 737 pudoris
775 688 815 719 eo.

204 750 247 800 Est
258 755 321 800 mihi
333 752 468 802 marmorei
478 755 580 802 sacratus
588 754 615 800 in
625 750 676 801 aede
685 752 806 800 Sitheus:

239 831 362 895 Appositae
380 828 476 880 frondes
489 830 624 896 velleraque
638 827 692 879 alba
703 843 797 893 tegunt.
934 844 979 879 ton

204 905 271 956 Hinc
286 925 333 973 ego
346 924 385 957 me
399 910 459 958 sensi
471 923 532 958 noto
543 922 627 974 quater
641 924 683 958 ote
694 910 779 957 titari:

238 985 291 1050 Ipse
302 987 363 1036 sono
375 991 441 1036 tenui
458 984 533 1047 dixit,
550 985 699 1036 Elislaveni.

204 1062 282 1114 Nulla
293 1083 363 1117 mora
378 1067 424 1126 est3
440 1070 512 1117 venio
523 1101 531 1127 ‚
542 1068 615 1115 venio
630 1067 674 1113 tibi
686 1059 767 1114 debita
777 1065 878 1131 conjunc

238 1141 286 1192 Sed
298 1159 380 1193 tamen
391 1143 488 1194 admissi
498 1142 565 1193 tarda
578 1143 670 1208 pudore
681 1146 738 1192 mei.

204 1217 352 1272 Daueniant
363 1222 453 1287 culpae3
465 1221 561 1286 decepit
568 1220 670 1272 idoneus
680 1224 771 1293 ausint.

205 1343 208 1349 .
237 1297 358 1349 Invidiam
370 1317 438 1350 noxe
449 1299 553 1351 detrahit
562 1300 604 1350 ille
615 1318 684 1350 meae.

203 1373 270 1428 Diva
279 1394 381 1442 parens,
395 1381 521 1448 seniorque
533 1395 616 1445 pater,
631 1382 671 1445 pia
688 1381 778 1429 sarcina
790 1381 861 1440 nati,

237 1455 311 1520 Spem
321 1459 382 1506 rnihi
393 1460 496 1508 mansuri
510 1461 553 1508 tite
565 1456 650 1509 dedite
659 1462 713 1509 viti.

203 1533 229 1581 Si
240 1532 289 1584 fuir
305 1533 448 1596 errandum,
459 1538 538 1586 causas
550 1537 623 1587 haber
630 1554 695 1588 error
705 1538 828 1588 honestas:

236 1609 307 1660 Adde
317 1610 391 1662 fidem
402 1631 409 1673 ς
425 1613 493 1663 nulli
502 1631 569 1681 parte
579 1614 695 1681 pigendus
706 1620 759 1666 erit.

203 1687 284 1739 Durat
295 1694 322 1740 in
333 1706 484 1754 extremum,
497 1696 600 1760 vitaeque
611 1697 740 1745 novissima
749 1696 834 1748 nolite

237 1767 393 1834 Prosequitur
401 1769 462 1830 sati,
475 1773 516 1836 qui
527 1771 657 1835 mirante,
669 1788 745 1823 tenor.

202 1844 305 1896 Occidit
316 1849 420 1898 internas
438 1853 525 1916 conjux
538 1853 654 1900 masiatus
665 1850 696 1901 ad
707 1869 788 1902 aurass

235 1925 269 1974 Et
284 1925 377 1975 sceleris
391 1929 451 1978 tanti
464 1931 561 1994 praemia
571 1928 645 1978 frater
655 1931 737 1979 habet.

200 2002 277 2054 Exsul
289 2021 366 2071 agor3
384 2009 519 2074 cineresque
532 2009 578 2058 viri
587 2011 737 2073 patriamque
752 2007 882 2074 relinquo:

235 2082 270 2133 Et
285 2083 350 2134 seror
363 2087 388 2134 in
404 2083 493 2147 duras,
506 2086 572 2135 hoste
584 2087 714 2152 sequente,
732 2089 790 2136 vias.

199 2162 321 2228 Applicor
331 2166 433 2228 ignotis:
442 2163 557 2230 fratrique
567 2164 645 2231 elapsa
656 2163 782 2230 fretoque,

233 2239 313 2300 Quod
326 2242 370 2290 tibi
382 2239 488 2302 donavi,
504 2240 611 2309 perfide,
627 2241 685 2292 litus
696 2259 759 2292 emo.

201 2317 296 2368 Urbem
307 2319 433 2378 eonstitui3
448 2320 542 2386 lateque
553 2323 660 2385 patentia
669 2318 713 2369 fixi

234 2397 348 2459 Moenia,
365 2397 473 2448 finitimis
484 2399 679 2450 invidiosalocis.

200 2475 272 2527 Bella
284 2491 395 2527 tument:
409 2476 478 2528 bellis
489 2480 612 2544 peregrina
623 2482 648 2528 &
658 2479 749 2530 semina
763 2493 858 2533 tentor:

235 2556 332 2622 Vixque
342 2553 412 2605 rudes
427 2571 507 2621 portas
518 2559 582 2607 urbis
596 2562 621 2607 δι
631 2574 697 2607 arma
710 2575 777 2624 pato.

200 2631 276 2683 Mille
285 2636 364 2696 procis
374 2634 453 2700 placui
463 2671 471 2696 ,
483 2639 525 2702 qui
539 2652 578 2684 me
594 2641 673 2685 coi‘ere
685 2651 811 2702 querentes
908 2676 910 2687 .

233 2710 325 2761 Nescio
340 2728 412 2778 quem
425 2713 536 2769 thalamis
547 2713 699 2778 praeposuisse
712 2716 767 2762 suis:

202 2788 270 2852 Quid
277 2787 372 2840 dubitas
379 2793 484 2842 vinitam
495 2791 584 2840 Getulo
596 2788 688 2840 tradere
700 2791 792 2841 larbasi

233 2869 380 2918 Praebuerim
393 2869 476 2918 sceleri
489 2870 599 2918 bracchia
610 2869 688 2919 nostra
703 2883 754 2918 tuo.

201 2944 241 2995 Est
249 2949 324 2995 etiam
335 2946 425 3008 frater,
436 2951 502 3013 cujus
514 2964 598 2997 manus
607 2950 682 3012 impia
692 2951 769 3013 possit

234 3025 348 3091 Respergi
359 3024 455 3085 nostro,
472 3027 548 3089 sparsa
560 3041 644 3075 cruore
654 3028 709 3076 viti.

200 3103 269 3154 Pone
281 3101 364 3162 Deos,
385 3106 410 3151 δι
422 3118 474 3168 quae
488 3101 607 3168 tangendo
620 3105 683 3154 sacra
693 3103 824 3169 profanas:

232 3179 293 3231 Non
309 3181 368 3232 bene
380 3180 485 3234 coelesies
501 3185 575 3250 impia
586 3181 669 3234 dextra
682 3183 750 3234 colit.

756 3265 799 3316 Bt
