2367 3992
297 356 424 424 Linou
451 357 522 424 III.
550 355 717 423 Eraclia
744 355 788 422 Χ.
846 369 911 441 197

198 474 288 525 Obvius
304 479 357 526 huic
369 480 464 537 venius,
481 476 568 528 hedera
578 477 693 543 juvenilia
705 479 794 525 cincius

229 555 367 619 Tempora,
378 573 434 605 cum
445 555 541 616 Calvo,
558 555 628 606 done
639 555 752 614 Catulle,
765 571 818 605 tuo.

197 629 234 680 Tu
246 651 342 698 quoque
352 669 360 694 ‚
371 637 390 682 si
401 634 489 684 falsum
502 635 535 683 est
551 638 659 685 temerati
669 638 760 684 crimen
770 636 859 688 enrici,

228 713 352 777 Sanguinis
362 729 433 779 atque
448 717 534 764 animae
545 711 644 778 prodige
656 713 726 763 Galle
738 728 794 761 tuae.

195 788 239 839 His
247 807 328 840 comes
338 793 421 841 umbra
430 807 470 841 tua
478 793 523 852 esi3
535 795 553 840 si
563 790 623 858 quid
630 790 706 841 modo
714 792 822 857 corporis
830 789 915 838 umbra
933 794 947 830 ⁶
951 799 961 846 5

228 869 318 917 Auxisti
338 887 466 931 numeros,
483 869 546 920 culte
561 871 675 929 Tibulle,
693 873 757 936 pios.

167 997 170 1003 ,
197 943 252 994 Oll'a
264 950 363 1011 quieta,
374 964 457 1012 precor
468 982 476 1006 ‚
488 948 541 997 tuti
551 949 690 1012 requiescite
701 951 727 997 iu
737 964 813 997 uruat

226 1023 258 1073 Er
270 1027 302 1073 sic
315 1027 401 1074 humus
415 1027 488 1074 cineri
498 1041 548 1074 non
555 1027 656 1074 onerosa
665 1021 717 1075 tuo.

215 1148 895 1232 «πὲηξἏᾱ--έ-υ

383 1282 638 1349 ELEGIA
678 1281 753 1376 Xy
842 1293 845 1296 ’

198 1372 342 1499 Arreni
356 1459 472 1499 venerunt
488 1444 596 1500 Cerealis
613 1457 722 1516 tempora
735 1447 796 1498 sacti
806 1448 826 1497 θ’

228 1527 330 1576 Secubat
342 1530 368 1576 in
382 1544 460 1576 vacuo
472 1528 523 1577 sola
538 1529 618 1593 puella
634 1544 699 1578 toto.

200 1603 268 1655 Flava
279 1604 368 1665 Ceres,
381 1622 461 1654 tenues
474 1608 542 1670 spicis
556 1604 669 1655 redimita
683 1602 800 1670 capillos,

228 1683 279 1733 Cur
290 1686 381 1733 inhibes
393 1687 462 1732 sactis
473 1681 603 1733 commoda
615 1684 693 1733 nostra
704 1686 766 1732 tuis?

200 1761 251 1822 Te,
264 1762 331 1823 Dea,
344 1761 484 1825 munificam
495 1777 575 1827 gentes
589 1764 734 1828 ubicumque
745 1761 877 1826 loquuntur
890 1778 896 1807 :
945 1787 963 1832 ,9

227 1841 279 1890 Nec
291 1840 369 1890 minus
380 1843 490 1890 humanis
502 1839 596 1890 invidet
608 1841 659 1889 ulla
669 1841 747 1889 bonit.

197 1919 255 1968 Ante
267 1935 312 1969 nec
323 1921 408 1968 hirsuti
420 1920 542 1968 torrebant
551 1919 614 1968 farta
624 1918 706 1968 coloni
717 1936 724 1967 t

227 1997 279 2047 Nec
290 2009 377 2048 notum
390 2001 456 2046 tetris
468 2012 520 2046 area
532 2007 622 2047 nometi
632 2009 690 2047 erat.

197 2074 242 2125 sed
252 2075 366 2141 glandem
381 2092 497 2142 quercus,
509 2077 605 2127 oracula
616 2080 707 2142 prima,
725 2075 841 2126 ferebant.

228 2155 286 2205 Haec
298 2170 362 2215 erat,
376 2160 399 2204 δι
412 2158 485 2204 teneti
496 2158 589 2221 cespitis
599 2158 689 2216 herba,
702 2156 776 2205 cibus.
934 2167 963 2198 12

166 2231 171 2240 ’
194 2233 275 2282 Prima
285 2231 358 2284 Ceres
369 2232 452 2283 docuit
463 2237 593 2300 turgescere
605 2237 685 2284 semen
696 2236 809 2299 inagtie;

223 2307 297 2362 Falce
308 2311 425 2362 coloratas
436 2315 601 2378 subsecuitque
612 2328 703 2362 comas.

194 2391 275 2440 Prima
281 2393 342 2456 'jugo
356 2404 435 2441 tauros
447 2393 580 2454 supponere
589 2391 654 2439 colla
664 2393 760 2455 coegit3

225 2467 258 2517 Et
267 2483 372 2517 veterem
382 2485 456 2518 curvo
467 2467 538 2518 (lente
550 2467 644 2518 revellit
654 2471 766 2516 humum.

193 2547 262 2598 Hanc
272 2544 399 2614 qnisquam
409 2547 521 2610 lacrymis
527 2546 604 2596 laetari
615 2545 691 2595 credit
702 2560 825 2596 amantum
835 2546 846 2600 ’ἐ
934 2570 958 2613 ¹5

226 2626 258 2676 Et
269 2627 329 2675 bene
345 2629 471 2676 tormentis
486 2627 641 2690 secubituque
657 2624 726 2676 coli?

193 2707 246 2758 Nec
265 2722 346 2756 tamen
357 2706 402 2760 est,
414 2708 523 2771 quamvis
537 2721 606 2769 agros
618 2719 682 2752 atnet
693 2703 736 2753 illa
747 2704 849 2763 feraces,

226 2785 322 2835 Rustica
334 2803 340 2832 ι
351 2800 395 2832 nec
405 2782 504 2838 viduum
515 2785 596 2848 pestus
607 2785 695 2832 amoris
705 2785 786 2834 habet.

193 2864 279 2916 Cretes
294 2877 364 2912 erunt
379 2861 445 2910 testes
457 2881 463 2910 :
475 2879 518 2912 nec
531 2862 625 2928 lingunt
635 2867 717 2914 omnia
728 2863 826 2922 Cretes·‚

226 2941 311 2992 Cretes
324 2976 332 2999 ,
344 2943 436 2990 nutrito
448 2954 509 2988 tetta
522 2941 621 3005 superba
634 2942 702 2992 Jove.

191 3019 248 3072 lllic
259 3053 268 3082 ⁷
280 3017 395 3071 sideream
409 3021 451 3086 qui
463 3016 547 3070 munel
559 3034 675 3084 temperat
685 3037 762 3068 arcem
772 3057 779 3075 ‚

730 3098 781 3163 lit)
