2367 3992
291 432 358 494 194
413 367 894 471 OvrnrrAn‘onun

239 539 268 582 30
318 529 445 593 Corruptae
455 528 559 592 pretium
570 526 669 590 virginis
679 525 728 589 ipse
743 523 799 572 fuit.

284 609 351 657 Dum
368 623 457 656 merces
475 606 572 662 aberat;
589 601 662 652 durus
673 617 755 667 patet,
774 603 824 668 ipsa
836 603 927 662 severa,

316 687 392 736 AErati
403 684 495 750 postes,
515 682 589 732 ferrea
604 684 673 731 turris
687 696 750 731 erat:

282 761 328 813 Sed
342 764 466 828 postquam
479 762 569 825 sapiens
580 763 606 809 in
616 776 716 808 munera
725 763 792 809 venit
802 758 912 819 adulter,

314 842 417 890 Praebuit
429 841 479 906 ipsa
492 842 556 887 sinus
569 857 575 886 :
587 842 613 887 δι
625 836 680 887 dare
689 835 767 904 jussa,
779 836 856 888 dedit.

234 933 260 978 35
281 921 312 970 At
327 919 382 969 crim
394 935 466 984 regna
477 920 546 966 senex
557 917 614 966 coeli
625 919 738 966 Saturnus
753 918 853 966 haberet
865 953 873 977 ,

311 998 390 1046 Omne
407 997 501 1045 lucrum
512 996 615 1044 tenebris
631 994 680 1044 alta
689 996 813 1060 premebat
824 997 916 1044 humus.

277 1074 380 1141 AEraque
392 1079 416 1124 &
428 1089 568 1140 argentum,
581 1090 684 1139 cumque
697 1091 755 1123 nuto
765 1073 873 1140 pondera
884 1074 936 1123 serti

309 1153 423 1203 Manibus
433 1151 545 1202 admdrat
556 1170 561 1199 :
573 1150 686 1218 nullaque
697 1149 772 1203 nialla
783 1151 839 1202 fuit.

277 1235 308 1282 At
322 1232 423 1281 meliora
435 1229 519 1281 dabat:
532 1247 605 1281 curvo
617 1233 666 1279 sine
681 1247 779 1279 vomere
792 1230 886 1296 fruges,

166 1375 168 1379 ,
216 1315 258 1360 ‘40
308 1312 447 1377 Pomaque,
462 1314 487 1359 δι
504 1312 529 1357 in
542 1325 630 1376 quercu
643 1307 716 1357 mella
733 1324 826 1374 reperta
837 1308 901 1359 cavi„

275 1389 326 1440 Nec
339 1387 421 1440 valido
439 1390 565 1454 quisquam
577 1402 648 1435 terras
665 1384 772 1435 findebat
786 1403 882 1436 aratro:

305 1469 419 1532 Signabat
434 1466 503 1515 nullo
516 1465 593 1513 limite
608 1466 703 1512 mensor
715 1467 827 1514 humum.

272 1545 330 1596 Non
346 1545 406 1594 freta
421 1542 517 1593 demissi
531 1545 656 1592 verrebant
671 1558 738 1592 eruta
751 1546 826 1592 remi:

303 1622 398 1672 Ultima
409 1621 507 1671 mortali
520 1637 572 1670 tum
582 1625 622 1671 via
633 1621 689 1670 litus
701 1638 759 1671 erat.

220 1705 250 1756 45
271 1700 363 1752 Contra
381 1717 404 1750 te
421 1699 521 1760 sollers,
539 1702 667 1749 hominum
685 1700 795 1763 Natura,
811 1700 890 1761 fuum

302 1781 333 1829 Ee
347 1779 451 1829 nimium
467 1777 561 1828 damnis
576 1781 699 1844 ingeniosa
711 1782 765 1828 tuis.

268 1857 325 1919 Quo
342 1859 405 1919 tibi,
425 1860 515 1907 turritis
534 1859 654 1922 incingere
670 1859 790 1907 moenibus
801 1861 886 1910 urbes!

300 1935 357 1998 Qu'o
372 1937 430 1990 tibi,
447 1933 567 1986 discordes
580 1934 667 1985 addere
677 1939 703 1985 in
714 1954 780 1986 arma
790 1941 893 1988 manus?
958 1933 960 1936 Α

267 2011 333 2073 Quid
351 2014 395 2062 tibi
405 2030 461 2065 eum
473 2015 578 2079 pelago?
593 2013 654 2062 terri
667 2030 780 2064 contenta
790 2014 880 2066 fuisses.

219 2085 250 2132 5⁰
299 2091 351 2141 Cur
366 2109 416 2141 non
428 2097 452 2142 δι
463 2092 554 2142 coslum
568 2095 637 2141 tertia
651 2110 723 2158 regna
731 2097 812 2158 petis?

267 2167 321 2227 Qui
334 2168 407 2230 licet,
418 2168 511 2219 affectas
522 2169 613 2220 coelum
622 2188 727 2236 quoque.
740 2173 844 2238 Templa
855 2175 976 2236 Quirinus,

297 2245 384 2305 Liber,
401 2250 426 2295 δι
442 2245 553 2303 Alcides,
567 2251 592 2296 δι
603 2246 680 2298 modo
692 2247 771 2299 Caesar
778 2285 787 2312 ,
799 2253 898 2303 habent.

263 2322 374 2372 Eruimus
386 2325 449 2375 terr&
460 2324 565 2375 solidum
575 2344 619 2392 pro
630 2327 737 2393 frugibus
750 2347 850 2381 aurum:

296 2400 403 2453 Possidet
414 2407 520 2454 inventas
533 2406 646 2470 sanguine
657 2406 725 2455 miles
736 2426 803 2474 opes.

217 2475 243 2522 55
264 2478 338 2530 Curia
349 2486 491 2548 pauperibus
504 2485 583 2535 clausa
598 2487 645 2535 est:
657 2485 699 2537 dat
710 2492 792 2540 census
800 2493 913 2544 honores.

295 2556 353 2608 lnde
368 2565 445 2626 gravis
454 2561 543 2628 judeam
559 2562 616 2612 inde
630 2567 721 2616 severus
738 2586 818 2635 eques.

262 2634 352 2685 Omnia
361 2638 498 2703 possideant
509 2660 514 2689 :
527 2641 575 2691 illis
588 2642 742 2712 Campusque
752 2649 891 2721 Forumque

294 2715 385 2766 Serviat
395 2735 402 2765 r
415 2720 441 2766 hi
449 2736 532 2783 pacem
544 2718 664 2787 crudaque
675 2725 738 2773 bella
748 2743 841 2791 gerant.

261 2789 367 2841 Tantum
380 2810 410 2843 ne
420 2797 512 2846 nostros
522 2797 587 2847 avidi
596 2798 731 2864 praedentur
742 2821 854 2870 amores3

180 2938 183 2943 Δ
212 2865 243 2904 ⁶0
291 2868 323 2917 Et
337 2872 391 2918 satis
403 2873 449 2921 esi:
461 2873 554 2940 aliquid
566 2880 675 2941 pauperis
686 2878 732 2931 else
742 2887 830 2937 sinant.

151 2952 154 2959 ⁴
260 2944 292 2995 At
302 2961 382 3006 nnnc,
395 2963 501 3014 exaequet
512 2955 606 3000 tetricas
617 2953 723 3009 licetilla
733 2963 843 3022 Sabinas,

293 3023 434 3088 imperatur
450 3041 537 3091 captae,
552 3031 594 3095 qui
605 3027 659 3081 dare
672 3038 755 3089 multo
764 3044 852 3106 potest.

259 3099 302 3151 Me
314 3104 424 3170 prohibet
434 3105 510 3156 custos
521 3126 527 3157 ε
539 3110 564 3158 iu
578 3126 617 3161 me
634 3115 704 3164 timet
717 3117 758 3168 illa
768 3113 896 3180 marierun.
