2367 3992
262 452 327 540 258
386 450 589 518 Ovtntt
617 451 849 519 anonrs
928 479 932 488 ·

292 569 366 621 Nuda
375 570 455 620 Venus
467 569 575 621 madidas
587 574 698 636 exprimit
712 573 790 620 imbre
806 585 894 621 comae.

213 642 304 708 ²25Tu'
311 666 407 717 quoque
416 649 474 699 dum
490 650 593 709 coleris,
607 667 651 699 not
662 666 684 699 te
698 649 805 699 dormire
815 655 934 714 putemutt
950 669 952 672 ·

294 729 399 795 Aptitisa
416 731 509 777 summa
519 730 664 793 conspiciare
675 744 757 777 manu.

262 806 314 857 Cur
324 810 384 856 mihi
394 822 452 856 note
468 821 511 857 tuo
521 808 589 856 <arua
601 807 633 855 est
640 804 749 855 candoris
758 807 784 855 in
795 822 836 855 ore
845 808 854 854 Ξ

295 883 389 936 Claude
404 884 481 934 forem
495 882 676 950 malamirquicl
685 883 745 934 rude
755 882 837 949 prodis
848 883 923 947 oput‘.

262 962 343 1013 Multa
351 966 414 1014 viros
424 963 513 1010 nescire
525 959 608 1010 decet:
617 977 670 1026 pars
683 965 790 1012 maxima
801 976 883 1010 tetum

215 1050 262 1096 230
295 1039 425 1101 Offendat,
444 1043 463 1089 si
478 1042 654 1089 nonintetiura
664 1055 739 1105 regan

263 1124 338 1170 Aurea
351 1135 404 1185 que
414 1117 519 1184 pendent
530 1133 616 1166 ornato
627 1120 694 1184 tigna
705 1121 816 1177 theatt03

295 1197 402 1261 Inspice,
416 1197 491 1262 quim
501 1199 577 1245 tenuis
587 1198 679 1245 branea
693 1196 758 1262 ligna
770 1211 844 1261 tegat.

264 1273 311 1324 Sed
325 1292 401 1342 neque
415 1274 446 1324 ad
461 1275 503 1324 illa
516 1275 572 1324 licet
585 1273 693 1340 populo,
704 1276 749 1323 nisi
761 1273 822 1323 susle
832 1309 840 1333 ,
850 1275 944 1322 veniret

297 1353 369 1414 Nec,
386 1357 431 1404 nisi
444 1355 575 1408 submotis,
591 1353 669 1402 forma
683 1351 804 1418 paranda,
817 1355 884 1403 vitis·

218 1447 262 1494 235
273 1432 296 1480 lt
306 1448 355 1480 non
367 1429 493 1496 pellendos
504 1447 585 1482 coram
596 1432 699 1496 prebete
710 1431 829 1496 capillos,

298 1509 333 1557 Ut
342 1513 435 1575 jaceant
446 1509 490 1557 susi
501 1527 541 1573 per
552 1524 592 1558 tua
607 1523 672 1574 terga
682 1543 691 1568 ,
701 1522 789 1558 vetem.

266 1585 313 1633 lllo
324 1583 454 1649 precipue,
465 1602 495 1634 ne
507 1590 536 1634 tis
548 1588 643 1635 morosa
651 1620 661 1645 ,
670 1601 755 1635 cavero

299 1663 434 1727 Tempore:
449 1679 493 1712 uec
509 1663 583 1729 lapsas
597 1664 656 1729 sepe
668 1663 760 1712 resolve
770 1680 863 1714 comet.

267 1741 330 1790 Tuta
341 1744 371 1791 sit
382 1744 487 1792 ornatrix
496 1760 502 1790 ι
512 1741 572 1801 odi,
585 1757 638 1808 que
647 1742 735 1790 sauciat
742 1757 786 1791 ota

220 1831 268 1876 ²40
300 1819 444 1885 Unguibus,
457 1824 481 1870 δι
493 1819 559 1885 rapti
568 1821 664 1870 brachia
674 1817 728 1884 figit
738 1835 791 1868 acu.

268 1897 378 1947 Devovet
388 1933 396 1958 ,
412 1902 436 1948 bt
451 1896 557 1948 domine
566 1900 642 1962 tangit
652 1896 772 1962 caputilla
781 1915 787 1946 z
797 1897 922 1966 simulque

300 1975 382 2024 Plorat
393 1973 421 2024 ad
435 1977 521 2025 invisas
530 1974 712 2042 sauguinolenta
723 1991 813 2025 comas.

269 2051 329 2113 Quae
339 2054 401 2102 mele
412 2057 497 2103 crinita
509 2055 554 2114 est,
566 2051 690 2103 custodem
700 2055 725 2102 in
736 2053 821 2103 limine
830 2069 932 2126 ponatf

302 2130 434 2181 Orneturve
450 2131 520 2181 Bonae
537 2134 628 2197 semper
641 2135 666 2180 in
676 2130 726 2181 aede
736 2131 804 2180 Deae.

222 2209 265 2257 ²45
271 2208 351 2256 uiuus
367 2227 429 2258 eram
447 2209 542 2259 cuidam
552 2207 632 2259 subito
644 2206 733 2260 venisse
744 2210 853 2274 puellaep

300 2285 407 2337 Turbida
418 2290 535 2353 perversas
550 2287 629 2338 induit
639 2290 681 2337 illa
693 2305 782 2338 comas.

269 2365 381 2416 Hostibus
391 2368 483 2416 eveniat
497 2380 545 2415 tam
558 2365 618 2416 fodi
630 2369 699 2415 causa
708 2365 823 2431 pudorist

302 2445 376 2511 Inque
385 2461 457 2493 nurus
467 2445 564 2494 Parthas
576 2442 679 2493 dedecus
688 2442 751 2493 iliud
760 2459 806 2492 eat.

270 2523 350 2588 Turpe
362 2540 432 2588 pecus
442 2523 569 2572 mutilum:
580 2538 647 2587 turpe
658 2523 690 2571 est
701 2525 750 2570 sine
758 2525 867 2587 gramine
875 2539 992 2589 campus,

223 2602 272 2649 ²50
303 2602 334 2652 Et
350 2605 398 2651 sine
410 2601 494 2651 fronde
509 2602 587 2652 frutex
597 2636 608 2660 ,
618 2604 642 2650 bc
653 2604 703 2650 sine
712 2603 776 2648 crine
788 2616 869 2664 caput.

272 2679 328 2730 Non
338 2683 398 2729 mihi
408 2681 515 2739 venistis,
531 2679 623 2729 Semele
633 2677 742 2737 Ledeue,
755 2676 890 2740 dotend23

303 2759 393 2823 Perque
407 2758 584 2827 fretumsulso,
599 2755 699 2817 Sidoni,
709 2758 775 2805 vesle
789 2758 869 2807 bove:
896 2822 898 2824 v

271 2837 319 2884 Aut
330 2836 437 2895 Helene,
450 2854 522 2903 quam
531 2853 581 2886 non
592 2835 677 2895 stole,
689 2834 818 2894 Menelao,
829 2837 955 2901 reposci33

304 2913 342 2960 Tu
357 2929 453 2977 quoque
463 2913 611 2974 nonltulte,
626 2915 700 2971 Troie
714 2928 811 2979 raptor,
824 2916 906 2962 habet.

225 2990 353 3050 tquurba
371 2987 479 3038 docenda
489 2994 573 3049 venit,
589 2992 695 3054 pulchrae
711 3007 837 3056 turpesque
852 2990 962 3056 puelle,

265 3107 267 3114 .
309 3068 426 3132 Pluraque
440 3068 493 3116 sunt
505 3069 596 3131 semper
607 3065 724 3118 deteriora
733 3071 814 3118 bonis.

274 3149 392 3199 remote
408 3145 486 3197 minus
497 3149 552 3196 artis
563 3163 634 3215 opem
646 3161 809 3214 praeceptaque
819 3161 925 3210 curant:
