2367 3992
262 469 331 549 296
387 461 579 529 Ournrr
608 462 852 528 NAsours

260 581 291 631 Et
304 598 387 632 manus
398 617 406 642 ,
419 586 443 632 δι
457 583 566 631 manibus
577 579 684 646 duplices
695 577 803 629 cecidere
815 576 926 629 tabellas

293 659 367 709 Venit
385 663 411 708 in
421 660 542 725 amplexus
554 694 563 719 ,
579 674 650 725 atque
661 663 695 707 ita
705 677 712 717 3
724 659 825 718 Vincis,
839 660 882 706 ait.

261 737 347 786 Tutius
359 738 407 797 est,
420 753 549 804 aptumque
559 740 634 802 magis
646 772 654 796 ,
665 734 786 785 discedere
795 753 871 801 pace,

214 834 260 883 ⁶70
283 814 375 875 ‘Quum
391 830 470 880 petere
488 833 501 864 a
520 816 631 864 thalamis
648 815 753 879 litigiosa
768 814 842 864 forae

225 913 227 919 ·
261 892 363 944 Munera
378 911 431 959 quae
449 891 555 953 dederis,
567 895 654 943 habeat
668 896 717 942 sine
729 892 773 942 lire
783 895 886 958 jubeto:

292 967 345 1019 Esse
363 971 440 1019 solent
451 987 540 1034 magno
553 969 642 1019 damna
652 974 747 1019 minora
766 971 842 1020 bono.

260 1046 368 1110 Quodsi
383 1065 425 1098 uos
444 1048 530 1114 aliquis
548 1047 669 1098 conducet
680 1049 746 1097 casus
761 1051 788 1096 in
805 1065 900 1107 unum,
958 1046 962 1051 ’

290 1126 374 1176 Mente
392 1144 485 1176 memor
499 1127 571 1186 tots,
587 1143 640 1193 quae
652 1125 735 1177 damus
746 1144 834 1186 artua,
849 1142 912 1175 tene.

214 1204 335 1268 675Nunc
350 1222 410 1270 opus
424 1205 456 1254 est
470 1207 541 1254 armis
554 1225 560 1255 z
573 1205 613 1254 hic
626 1240 635 1263 ,
647 1203 682 1254 b!
697 1204 848 1265 fortissime,
859 1219 944 1270 pugna.
959 1202 963 1210 '

294 1283 420 1334 Vincenda
431 1284 463 1333 cll
476 1284 526 1333 telo
538 1282 685 1332 Penthesilla
701 1298 752 1331 ruo.

262 1362 334 1413 Nunc
353 1364 397 1414 tibi
415 1363 495 1412 rivalis
507 1397 515 1422 ,
526 1379 589 1411 nunc
602 1359 688 1410 durum
701 1361 792 1419 limen,
805 1361 916 1418 amanti,

297 1441 369 1491 Nunc
387 1440 472 1490 mediis
482 1441 588 1490 *subeant
599 1443 665 1489 irrita
675 1440 747 1489 verba
760 1439 830 1487 Deis.

263 1519 315 1568 Nec
332 1536 451 1584 compone
468 1535 564 1572 comas,
577 1521 633 1583 quia
644 1520 673 1565 sis
683 1532 797 1566 venturus
808 1513 932 1566 adillamr

215 1597 262 1644 680
296 1596 347 1645 Nec
360 1612 415 1660 toga
434 1599 464 1644 sit
481 1595 535 1643 laxo
553 1593 720 1659 conspicienda
732 1597 794 1642 sinu.

264 1673 339 1723 Nulla
352 1677 382 1722 sit
392 1689 418 1722 ut
426 1672 518 1738 placeas
530 1671 612 1721 alienae
624 1689 680 1721 cura
690 1671 775 1737 puellae
788 1691 795 1722 s

296 1752 350 1801 lam
361 1751 435 1801 facito
446 1769 458 1800 e
469 1751 551 1802 multis
564 1768 610 1800 uua
622 1754 652 1800 sit
664 1751 706 1799 illa
718 1752 772 1800 tibi.

265 1829 311 1880 Sed
329 1829 387 1896 quid
402 1829 518 1896 praetipud
530 1830 614 1879 nostris
625 1830 750 1878 conatibus
762 1829 856 1888 obstet,

302 1910 422 1974 Eloquar,
439 1907 548 1973 exemplo
560 1924 678 1974 quemque
696 1904 800 1955 docente
817 1909 872 1957 suo.

218 1988 402 2051 ⁶85Desinimus
415 1984 480 2035 tardd
490 2021 497 2044 ,
509 1988 566 2051 quia
576 2002 619 2034 nos
631 1987 749 2050 speramus
760 1987 837 2034 amari
849 2003 856 2036 t

299 2066 365 2118 Dum
382 2067 426 2114 sibi
445 2067 544 2131 quisque
558 2063 649 2130 placet,
668 2062 847 2112 credulaturba
857 2065 945 2112 sumus.

265 2144 297 2193 At
316 2159 340 2192 tu
355 2160 398 2192 nec
416 2160 486 2194 voces
496 2141 505 2208 (
517 2140 576 2208 quid
588 2146 652 2190 enirn
664 2141 772 2190 fallacius
783 2142 872 2206 illisi)

298 2220 394 2280 Crede,
411 2238 454 2269 nec
473 2236 572 2269 aeternos
589 2218 682 2284 pondus
700 2221 786 2268 habere
797 2219 874 2269 Deos.

265 2298 335 2348 Neve
351 2296 484 2363 puellarum
500 2297 612 2358 lacrymis
627 2314 758 2358 moveare,
775 2313 879 2348 cavetur

219 2386 265 2435 690
299 2376 334 2425 Ut
350 2374 447 2430 flerent,
466 2374 550 2423 oculos
568 2373 674 2424 erudiere
692 2378 755 2424 suos.

266 2456 363 2506 Artibus
381 2455 509 2516 innumeris
523 2470 589 2502 mens
600 2469 751 2518 oppugnatur
765 2470 912 2514 amantum,

300 2533 336 2584 Ut
354 2534 411 2598 lapis
423 2534 537 2598 aequoreis
548 2529 654 2598 undique
667 2532 747 2596 pulsus
762 2535 840 2597 aquis.

268 2612 320 2661 Nec
335 2613 413 2661 causas
431 2613 515 2675 aperi,
532 2626 604 2675 quare
623 2607 726 2661 divortia
741 2609 822 2659 malis:

301 2689 353 2738 Nec
371 2688 424 2747 dic,
442 2685 501 2754 quid
512 2687 594 2737 doleas
606 2705 614 2744 3
628 2686 692 2736 clam
709 2703 790 2736 tamen
801 2705 876 2753 usque
888 2688 953 2739 dole.

221 2767 320 2831 695Nec
336 2784 432 2832 peccata
449 2766 508 2815 refer
520 2802 527 2826 ,
538 2783 567 2814 ne
583 2764 672 2814 diluat:
684 2756 835 2829 ipsefavcbis
847 2801 857 2827 ,

302 2845 338 2892 Ut
358 2846 443 2893 melior
462 2844 531 2893 causl
545 2860 614 2893 causa
632 2846 662 2892 sit
677 2842 720 2891 illa
731 2841 781 2891 tui.

271 2921 318 2982 Qui
331 2922 403 2980 silet,
417 2922 449 2970 est
462 2921 542 2970 firmus
555 2925 613 2986 equi
629 2920 688 2970 dicit
701 2920 778 2969 multa
788 2920 876 2985 puelle

303 2999 412 3056 Probra,
429 2997 535 3046 satisfieri
553 3000 655 3060 postulat
671 2999 712 3050 illc
728 2999 781 3047 sibi.

271 3076 329 3125 Non
346 3091 391 3140 ego
406 3073 522 3123 Dulichio
534 3074 629 3125 furiales
645 3093 712 3126 more
728 3078 844 3141 sagittas,

224 3175 272 3220 700
306 3153 357 3204 Nec
375 3151 467 3221 rapidas
483 3155 559 3204 ausim
574 3157 664 3220 tingere
675 3158 700 3204 in
712 3171 783 3206 amne
794 3154 868 3207 facee.
