2367 3992
285 459 351 544 178
407 447 893 521 OrrorrAiuontrrr

315 573 405 639 Lydius
418 575 467 624 alta
477 572 567 639 pedum
577 573 658 623 vincla
666 575 796 622 cothurnus
805 587 866 621 etat.

235 668 263 717 ις
283 654 315 704 Et
332 657 412 719 prior3
427 653 514 719 Ecquis
525 656 585 712 erit,
599 649 679 712 dixit,
692 653 735 700 tibi
746 649 800 700 finis
810 649 934 702 amandi!

317 732 358 781 0!
376 735 510 797 argumenti
521 731 585 780 lente
599 736 671 795 po'e'ta
685 733 729 779 tui.

283 813 425 878 Nequitiam
434 811 517 861 vinosa
529 825 596 858 tunm
607 811 719 858 convivia
727 823 840 858 narrante

317 891 422 940 Narrant
431 891 456 937 in
468 888 555 937 multas
569 891 676 951 compita
688 888 748 935 seda
758 890 818 937 vias.

286 971 352 1033 Saepe
367 967 453 1032 aliquis
469 964 546 1030 digito
557 980 639 1014 vatem
648 963 757 1030 designat
767 981 883 1025 euntem3
954 1019 957 1025 ,

237 1061 267 1094 zo
318 1048 397 1111 Atque
408 1048 457 1103 ait,
470 1045 518 1094 Hic
527 1043 568 1092 ille
583 1043 617 1092 cst
624 1079 633 1104 ,
645 1061 717 1110 quern
730 1043 793 1093 ferus
804 1047 854 1094 urit
865 1048 956 1095 Amor.

284 1124 392 1184 Fabula,
403 1140 447 1172 nec
457 1125 528 1172 sentis
538 1157 546 1182 ‚
560 1121 612 1171 total
625 1126 716 1187 jactaris
726 1125 752 1171 in
761 1122 827 1171 Urbe
838 1140 848 1182 3

317 1204 384 1254 Dum
397 1218 438 1252 tua
448 1205 568 1267 praeterito
580 1200 641 1249 fasta
650 1198 742 1265 pudore
752 1200 835 1249 refers.

285 1285 393 1350 Tempus
403 1296 455 1332 etat
465 1283 547 1343 thyrso
559 1279 653 1344 pulsum
667 1283 776 1343 graviore
787 1282 881 1330 moveri
892 1297 899 1327 ι

317 1357 441 1414 Cessatum
457 1361 512 1410 satis
523 1358 655 1423 estzincipe
665 1361 742 1424 majus
755 1375 824 1423 opus.

237 1445 265 1493 25
285 1440 389 1491 Materte
400 1442 488 1505 premis
503 1439 643 1502 ingenium:
657 1453 715 1486 cane
727 1437 788 1486 falia
798 1439 926 1489 virorum:

317 1517 376 1567 Haec
388 1520 488 1576 animo,
501 1514 565 1565 dices
573 1550 582 1576 ,
595 1531 649 1564 area
658 1513 733 1580 digna
747 1532 803 1565 meo
817 1517 859 1564 est.

284 1593 359 1657 Quod
371 1610 456 1644 tenetae
469 1607 581 1653 cantent,
599 1593 656 1643 lusit
666 1608 707 1642 tua
722 1594 806 1655 Musa,
817 1593 903 1660 puelle
914 1612 927 1656 ·,

317 1674 444 1739 Primaque
456 1689 498 1738 per
509 1688 622 1721 numeros
632 1675 682 1721 asta
692 1677 790 1739 juventa
800 1675 864 1722 suos.

284 1751 356 1803 Nunc
367 1752 468 1800 habeam
479 1767 520 1816 per
532 1767 555 1800 te
563 1753 673 1800 Romarm
683 1750 813 1817 Tragoedia
823 1769 936 1802 nomene

238 1837 267 1884 30
316 1829 431 1895 Implebit
446 1829 508 1895 leges
522 1832 615 1894 spiritus
627 1830 668 1878 iste
683 1847 757 1878 meas.

284 1908 402 1958 Hactenus
414 1927 420 1956 ι
430 1912 455 1957 &
466 1913 562 1968 movit,
573 1911 641 1973 pictis
653 1910 735 1958 innixa
744 1911 883 1966 cothurnis,

317 1987 425 2036 Densum
436 1988 528 2036 caesarie
540 2002 622 2053 terque
632 2002 763 2055 quaterque
773 2003 854 2052 caput.

284 2065 367 2114 Altera
378 2101 387 2125 ,
398 2068 417 2114 si
426 2068 542 2125 memini,
558 2066 621 2114 limis
634 2067 728 2115 subrisit
738 2066 837 2116 ocellis:

317 2144 414 2205 fallor,
425 2161 455 2192 an
463 2148 488 2192 in
497 2142 580 2193 dextra
589 2160 683 2206 myrtea
692 2148 759 2211 virga
770 2145 816 2194 fuit
827 2148 836 2194 ἓ

239 2236 267 2281 35
286 2220 352 2284 Quid
365 2224 475 2289 gravibus
486 2223 580 2284 verbis,
594 2226 701 2273 animosa
712 2221 857 2289 Tragoedia,
873 2222 959 2286 dixit,

318 2302 361 2350 Me
371 2304 476 2366 premis?
488 2318 517 2350 an
525 2318 658 2368 numquam
666 2319 716 2351 non
727 2304 804 2368 gravis
815 2299 861 2351 else
871 2318 942 2367 potes
952 2311 967 2357 ἒ

207 2396 210 2402 ’
284 2382 417 2446 imparibus
429 2395 508 2430 tamen
521 2398 543 2430 es
555 2384 660 2429 numeris
671 2380 770 2446 dignata
781 2384 874 2431 r'novrri
886 2401 893 2430 r

318 2461 346 2510 In
355 2477 394 2512 mc
406 2460 513 2526 pugnasti
522 2461 628 2511 versibus
639 2463 679 2509 usa
690 2464 759 2509 meir.

284 2541 343 2592 Non
355 2557 399 2606 ego
415 2539 560 2590 contulerim
575 2539 687 2589 sublimia
697 2541 803 2589 earmina
814 2538 898 2589 nostris
909 2557 917 2588 r

235 2628 268 2674 40
318 2618 407 2669 Obruit
418 2623 512 2684 exiguas
526 2622 590 2685 regia
599 2620 675 2668 vestra
687 2619 759 2668 fores.

256 2758 259 2764 Ι
285 2700 343 2749 Sunt
359 2699 428 2749 levis:
440 2703 465 2748 δι
477 2715 572 2747 mecum
582 2699 640 2747 levis
651 2699 697 2758 est,
712 2715 766 2746 mea
778 2715 848 2761 cura,
857 2695 981 2764 Cupido:

319 2778 377 2827 Nou
388 2780 441 2826 sum
454 2776 555 2827 materii
568 2777 655 2827 fortior
666 2779 716 2841 ipsa
727 2776 790 2825 mei.

285 2854 380 2905 Rustica
394 2854 422 2904 fit
435 2859 484 2903 sine
495 2873 534 2903 mc
545 2856 626 2904 lascivi
638 2857 837 2905 mater-Amorise

318 2932 382 2981 Huic
396 2950 441 2997 ego
453 2936 553 2997 proveni
564 2934 618 2982 lena
629 2950 757 3000 comesque
769 2935 836 2985 Deae.

236 3027 267 3074 45
287 3011 366 3073 Quam
378 3025 403 3059 tu
412 3027 462 3059 non
469 3013 559 3076 poteris
570 3009 632 3060 duro
642 3013 742 3061 reserare
752 3016 891 3076 cothurno,

319 3090 377 3139 Haec
391 3089 423 3138 est
437 3087 560 3141 blanditiis
575 3094 647 3157 jamia
658 3091 710 3140 laxa
721 3095 790 3142 meis.

286 3168 319 3221 Et
329 3183 409 3221 tamen
424 3171 512 3221 emerui
523 3169 576 3237 plus
583 3205 594 3235 ,
603 3168 679 3238 quim
692 3169 809 3238 tu‚poffe
816 3207 826 3235 ,
842 3170 948 3222 ferendo
