2367 3992
369 463 756 533 centonario.
859 480 925 546 329

247 583 342 636 Obtulit
354 587 434 634 invitae
450 584 505 632 etim
518 584 561 631 tibi
572 580 651 631 Caesar
661 597 748 645 opem:
930 595 979 641 420

213 663 376 729 Admovitque
391 679 484 728 preces,
496 665 519 710 bt
532 665 568 724 jus
578 661 709 708 immiscuit
722 658 784 706 illis:

182 734 188 745 ’
246 741 365 807 Aridaque
381 740 456 790 affusi
470 753 566 804 guttura
581 741 652 786 tinuit
663 735 733 801 aquai.

213 819 265 868 Nee
280 823 360 867 minor
374 819 408 866 est
423 833 480 866 nato
494 813 612 865 servandae
627 831 682 863 eura
692 814 810 878 parentise

247 898 293 946 Hie
311 896 408 945 adhibet
422 893 534 953 blandas,
546 910 589 942 nee
601 897 651 943 sine
666 899 731 958 jure,
743 907 833 956 preces.

213 973 331 1038 Coniugis
346 978 370 1022 ὃ(
384 977 434 1022 nati
445 975 556 1021 meritum
571 975 678 1036 pervenit
692 969 722 1019 ad
732 985 830 1018 omnes:
930 975 976 1023 425

246 1051 399 1116 Coniugis&
411 1054 477 1109 nati,
491 1051 575 1107 livia,
591 1051 669 1112 sospes
682 1066 727 1112 ope
737 1065 770 1097 es.

211 1128 337 1195 Supprime
349 1134 395 1188 jam
410 1128 526 1189 lacrymas
540 1145 546 1175 ι
559 1142 609 1174 non
624 1128 656 1174 est
666 1126 807 1175 revocabilis
818 1124 886 1185 istis,

246 1207 325 1265 Quem
336 1205 407 1253 semel
419 1203 548 1252 umbriferi
559 1207 640 1252 navita
651 1203 721 1251 lintre
733 1203 798 1252 tulit.

210 1283 315 1332 Heu-”tora
326 1298 362 1331 tot
374 1282 472 1339 fratres,
483 1296 521 1333 tot
534 1279 650 1334 deflevere
659 1283 763 1339 sorores,

245 1363 276 1409 Et
286 1376 368 1426 pater,
384 1366 409 1410 δι
424 1365 528 1427 conjux,
547 1362 709 1425 Astyanaxque
724 1376 797 1424 puer,
928 1369 978 1416 430

211 1439 243 1487 Et
255 1439 360 1503 longaeva
371 1456 453 1504 parens
466 1458 472 1488 :
486 1454 565 1488 tamen
576 1439 618 1487 ille
629 1437 747 1488 redemtus
762 1437 793 1488 ad
806 1440 872 1503 ignes
877 1456 886 1498 3

244 1516 365 1583 Nullaque
379 1535 420 1582 pet
430 1521 522 1584 Stygias
538 1519 621 1566 umbra
636 1521 726 1566 renavit
737 1533 817 1582 aquas.

210 1593 324 1659 Contigit
334 1598 380 1644 hoe
392 1599 464 1644 etiam
479 1594 576 1647 Thetidi
586 1615 593 1645 ι
602 1596 729 1660 populator
742 1595 846 1648 Achilles

244 1673 315 1722 Iliaca
326 1675 437 1722 ambustis
447 1676 539 1722 ossibus
551 1692 606 1723 arva
621 1678 715 1738 premit.

209 1751 249 1799 Illi
264 1752 390 1800 caeruleum
406 1753 501 1814 Panope
512 1766 638 1800 matertera
649 1756 739 1800 crinem
926 1770 973 1818 435

243 1827 335 1886 Solvit,
350 1833 374 1877 δι
387 1830 513 1877 immensas
528 1827 622 1877 fletibus
634 1834 698 1877 auxit
708 1845 789 1894 aquas.

209 1904 388 1972 Consottesque
400 1907 457 1955 Deae
467 1921 563 1955 eentum
574 1941 583 1964 ‚
594 1906 747 1971 longaevaque
759 1905 841 1971 magni

243 1984 333 2032 Oceani
350 1988 454 2047 conjux,
469 1985 625 2050 Oceanusque
638 2001 722 2048 pater5

208 2060 240 2110 Et
247 2062 490 2113 Thetisanteomnesa
500 2060 540 2110 sed
550 2079 594 2111 nee
603 2065 686 2111 Thetis
693 2063 752 2127 ipsa²
759 2078 836 2130 neque
841 2078 925 2112 omnes

242 2139 368 2188 Mutarunt
382 2138 445 2188 avidi
457 2140 529 2190 tristia
539 2144 589 2202 jura
600 2140 655 2189 Dei.
925 2157 975 2201 440
1001 2141 1005 2146 ’

208 2217 286 2267 Prisca
296 2216 355 2283 quid
363 2220 409 2265 huc
420 2221 516 2281 repeto?
526 2218 669 2267 Marcellum
677 2219 775 2268 Oblavia
783 2217 867 2280 flevit,

241 2295 271 2343 Et
287 2295 353 2344 flevit
365 2296 454 2359 populo
466 2294 545 2345 Caesar
553 2312 680 2362 utrumque
691 2298 780 2362 palam.

208 2371 365 2436 Sedrigitlum
376 2377 411 2438 jus
424 2373 489 2422 est&
500 2375 636 2424 inevitabile
648 2377 749 2425 Mortis:

241 2452 309 2499 Stant
319 2466 380 2504 rata.
396 2468 445 2499 non
454 2451 503 2498 ulli
512 2451 552 2499 fila
563 2453 666 2502 tenenda
676 2469 757 2502 manu.

206 2525 259 2590 lpse
271 2528 313 2574 ribi
323 2526 418 2576 emilius
429 2529 538 2584 nebulosi
551 2531 620 2582 litote
634 2531 736 2595 Averni,
922 2551 969 2598 445

241 2604 265 2649 Si
277 2603 361 2662 liceat,
375 2604 431 2653 forti
442 2608 512 2654 verba
523 2622 608 2657 tutore
620 2610 695 2660 sonet.

208 2677 274 2738 Quid
286 2697 395 2730 numeras
405 2688 495 2733 annos?
507 2688 554 2734 vixi
570 2690 686 2737 maturior
696 2689 771 2736 annis.

240 2757 296 2804 Aua
312 2760 390 2806 senem
402 2759 507 2810 faciunt:
519 2766 566 2812 haee
579 2751 726 2814 numeranda
738 2767 790 2814 tibi.

207 2833 250 2884 llis
268 2851 345 2883 aevum
360 2837 578 2903 fuitimplendum,
591 2859 640 2891 non
651 2845 759 2908 segnibus
769 2848 845 2896 annis.

239 2913 349 2961 Hostibus
361 2919 453 2965 eveniat
466 2917 536 2982 longa
548 2921 637 2970 senetia
655 2925 723 2971 meis.
811 2972 815 2977 ,
921 2924 970 2974 ⁴50

205 2991 259 3040 Hoc
272 2994 334 3040 atavi
343 3009 455 3049 monuere
466 3001 664 3065 mei,prorvique
672 3000 788 3052 Nerones.

239 3070 367 3133 Fregerunt
382 3072 454 3120 ambo
468 3073 556 3123 Punica
568 3077 631 3125 bella
640 3076 720 3128 duces.

206 3144 260 3197 Hoc
274 3146 359 3202 domus
372 3149 415 3203 ista
430 3148 501 3203 docet
512 3169 571 3223 ,per
582 3170 681 3219 tenuta,
693 3155 791 3211 Caesaris
801 3157 853 3213 alti.
