2367 3992
296 477 555 549 Hunorum.
584 477 659 544 Er.
683 477 795 546 XIV.
857 483 903 564 67

188 603 212 650 Si
223 614 307 648 manus
322 602 373 649 haec
384 600 489 665 aliquam
501 597 579 665 pollet
588 602 740 648 committere
752 597 857 659 cedem,

218 679 302 727 Morte
317 678 382 726 foret
392 676 496 726 domina
508 676 689 741 sanguinolenta
700 679 755 725 suae.
925 681 955 718 60

187 754 243 816 Quo
254 771 362 804 meruere
373 771 472 814 necem,
483 755 598 821 patruelia
608 771 680 819 regna
690 752 812 814 tenendo,

219 834 280 894 Quae
291 848 373 882 tamen
380 837 480 882 externis
492 830 570 882 danda
579 831 660 881 forent
669 834 760 896 generis
772 835 781 879 i

187 911 260 976 Finge
275 915 341 961 viros
355 908 465 960 meruisse
474 913 536 960 mori
548 929 554 958 ε
567 909 626 975 quid
638 910 738 958 fecimus
751 909 825 974 ipsaei
893 946 895 950 -

218 991 275 1050 Quo
294 992 355 1039 mihi
366 987 493 1038 cornmillo
503 1005 554 1038 non
565 988 621 1037 licet
631 986 677 1037 elle
686 992 749 1054 pie?

187 1067 252 1129 Quid
262 1071 324 1116 mihi
335 1084 391 1117 cum
403 1069 479 1117 ferroi
490 1067 540 1133 qui>
550 1067 637 1116 bellica
647 1067 696 1116 tela
705 1069 807 1133 puelle?
924 1084 953 1134 σς

217 1148 305 1211 Aptior
316 1147 348 1194 est
356 1144 437 1210 digitis
448 1145 501 1193 lana
509 1146 622 1210 colusque
633 1150 701 1197 meis.

187 1223 242 1272 Haec
250 1221 404 1289 egozdumq3
411 1240 513 1288 queror,
522 1223 633 1285 lacrymae
641 1227 757 1276 suaverba
764 1227 902 1291 sequuntur,

218 1301 305 1367 Deque
316 1305 376 1350 mels
388 1301 464 1350 oculis
475 1305 500 1350 in
513 1317 552 1351 tua
562 1305 670 1351 membra
682 1303 781 1353 cadunt.

186 1377 252 1429 Dum
263 1384 325 1444 petis
335 1379 473 1444 arnplexus,
485 1383 609 1447 sopitaque
621 1382 716 1431 brachia
727 1384 813 1447 juiius,

218 1458 287 1507 Paene
299 1475 385 1507 manus
396 1458 444 1507 telo
455 1461 533 1507 saucia
543 1459 603 1508 faeta
612 1475 652 1508 tua
662 1460 702 1508 est.
921 1493 954 1535 70

186 1535 400 1601 Jemqueparrem,
410 1536 540 1602 famulosq3
555 1542 640 1602 patris,
651 1538 757 1603 lucemq3
772 1538 885 1587 timebam
896 1556 904 1597 ς

217 1611 365 1676 Expulerunt
376 1615 473 1662 somnos
483 1617 532 1663 hec
544 1632 598 1664 mea
614 1615 675 1664 diua
689 1632 755 1665 tuos:

186 1690 257 1754 Surge
272 1725 280 1749 ,
297 1709 359 1757 age,
368 1689 449 1740 Belide
462 1728 470 1752 ‚
486 1690 515 1741 de
524 1708 561 1742 tot
571 1691 647 1742 modo
658 1694 770 1744 fratribus
781 1712 858 1747 unus:

218 1768 275 1817 Nox
291 1771 353 1829 ribi,
372 1773 396 1818 ni
407 1787 531 1834 properas,
549 1772 590 1819 ista
602 1775 709 1836 perennis
719 1775 773 1821 erit.

185 1845 293 1896 Territus
305 1849 423 1911 exsurgis:
437 1847 499 1912 fugit
509 1852 587 1897 omnis
599 1853 683 1898 inertia
694 1851 782 1898 somni.
893 1844 896 1851 ’
921 1868 950 1911 75

217 1925 310 1989 Aspicis
325 1929 351 1974 in
363 1923 449 1976 timidi
459 1925 531 1975 fortia
543 1926 589 1974 tela
601 1943 682 1975 manu.

185 2000 310 2061 Quaerenti
323 2005 429 2058 causam,
441 2003 508 2052 Dum
522 2007 653 2063 nutriuit,
665 2002 759 2070 effuge,
770 2003 829 2054 diri.
874 2036 876 2041 .

217 2079 286 2128 Dum
302 2097 350 2129 nox
361 2096 411 2129 atra
422 2083 493 2140 sinit,
509 2081 625 2147 refugis,
641 2085 690 2146 ipsa
700 2098 791 2132 moror.

183 2158 259 2207 Mane
271 2173 340 2220 erar,
355 2163 379 2208 &
394 2159 492 2208 Danaiis
504 2176 603 2225 generos
613 2177 641 2208 er
651 2159 715 2209 caede
725 2164 829 2225 jacentes

217 2237 371 2302 Dinumeret.
379 2240 483 2287 Summe
492 2241 597 2292 criminis
608 2255 666 2289 unus
677 2240 739 2288 abes.
922 2255 953 2307 80

183 2316 241 2366 Fert
256 2315 319 2365 male
328 2333 437 2382 cognate
444 2320 558 2382 jacintum
570 2321 655 2366 mortis
666 2321 692 2366 in
702 2333 768 2377 un03

139 2399 141 2403 ’
216 2393 708 2460 Etqueriturfabiisanguiniselseparum.

183 2470 338 2521 Abstrahora
349 2476 428 2537 patriis
438 2473 537 2539 pedibus
546 2491 553 2532 3
564 2490 704 2540 raptamque
714 2474 806 2538 capillis

220 2549 297 2614 (Haec
308 2555 397 2601 meruit
405 2557 478 2616 pietas
485 2553 599 2618 premia)
612 2568 691 2601 carcer
701 2554 782 2605 habet.

183 2625 282 2676 Scilicet
289 2642 317 2677 ex
327 2627 372 2676 illo
382 2631 485 2679 Junonia
494 2644 617 2695 permanet
627 2635 660 2679 ira
671 2666 681 2690 ,
922 2634 950 2696 85

217 2705 274 2765 Quo
287 2709 330 2757 bos
341 2725 368 2755 ex
379 2710 478 2757 homine
490 2710 537 2767 est,
552 2726 580 2758 ex
592 2710 654 2756 bove
666 2709 726 2758 faeie
736 2708 797 2757 Dea.

182 2784 214 2835 At
228 2785 284 2833 satis
292 2786 325 2834 est
335 2803 411 2850 pornae
423 2802 527 2841 teneram
538 2784 637 2851 mugill'e
648 2786 751 2852 puellam
764 2805 774 2846 3

216 2861 269 2910 Nec
282 2862 359 2913 modo
372 2865 502 2914 formosam
513 2863 578 2930 polle
592 2866 685 2930 placere
696 2867 759 2916 lovi.

182 2939 265 2992 Astitit
276 2944 303 2990 in
313 2945 363 3007 ripa
373 2942 459 3009 liquidi
469 2961 530 2994 nova
538 2962 609 2999 vacca
620 2950 722 3010 parentis
731 2981 742 3004 „

216 3017 366 3086 Cornuaque
377 3024 401 3069 in
412 3027 491 3086 patriis
504 3040 553 3072 non
565 3023 760 3092 stravidiraquis.
922 3050 954 3096 52
1036 3038 1039 3044 '

183 3095 332 3162 Conatoque
343 3103 410 3165 queri
425 3105 528 3164 mugitus
540 3100 616 3151 edidit
626 3120 683 3152 ore:

218 3177 360 3250 Territaque
372 3179 404 3233 eu
418 3178 513 3240 formu,
525 3183 607 3234 territa
616 3197 676 3233 voce
687 3181 736 3234 sui
