2367 3992
326 453 831 540 Hunornns,Er.XV1.
890 473 930 534 81

158 595 160 599 ’
219 593 332 660 Dumque
345 607 388 642 tuo
398 589 490 658 pollem
501 589 649 641 circumdare
660 591 757 638 brachia
767 588 847 650 collo,
938 612 981 664 ¹⁶5

247 672 384 723 Contemta
393 672 425 720 est
435 674 526 732 virtus,
539 667 636 720 Pallade
647 667 718 718 dante
727 702 736 728 ‚
748 669 818 716 mihi.

217 750 268 800 Nec
278 754 364 816 pige13
376 765 418 798 aut
427 766 542 816 umquam
554 747 622 797 stulte
633 745 714 812 legiffe
723 743 839 796 videbor:

247 830 375 878 Permanet
385 831 410 876 in
418 843 478 878 voto
490 844 557 876 mens
566 844 620 876 rnea
631 825 701 875 firma
710 827 763 875 suo.

215 909 285 973 Spem
296 906 374 957 modo
384 924 415 956 ne
424 907 528 956 nostram
539 905 591 955 lieri
600 908 690 971 pariare
702 902 836 963 caducam,

245 985 283 1033 Te
293 1001 392 1050 precor,
403 984 435 1033 d!
455 999 522 1033 tanto
534 982 607 1048 digna
619 983 699 1032 labore
710 985 769 1046 peti.
938 981 984 1025 ¹70

215 1061 273 1112 Non
287 1079 333 1127 ego
348 1065 489 1128 conjugium
499 1063 617 1126 generose
630 1059 731 1125 degener
745 1073 824 1124 optor

244 1140 298 1190 Nec
308 1157 380 1201 mea,
392 1138 461 1190 crede
472 1141 551 1199 milri,
568 1143 667 1204 turpiter
678 1155 737 1187 uxor
747 1141 801 1186 eris.

214 1216 318 1278 Pliada,
334 1222 353 1266 si
369 1235 473 1284 quaeras,
484 1221 511 1267 in
524 1218 604 1267 nostra
618 1233 687 1283 gente
702 1218 834 1282 lovemque

244 1295 354 1345 Invenies
366 1314 372 1344 ε
385 1295 478 1346 medios
489 1311 516 1345 ut
527 1311 646 1346 taceamus
657 1312 723 1347 avos.

213 1372 311 1439 Sceptra
319 1392 403 1440 parens
414 1376 491 1435 Asia,
504 1375 551 1441 qud
560 1374 630 1424 nulla
642 1376 734 1423 beatior
746 1389 806 1435 ora,

243 1453 342 1501 Finibus
356 1456 478 1503 immensis
488 1456 528 1503 vix
539 1451 650 1502 obeunda
662 1466 735 1502 tenet.

212 1531 352 1581 Innumeras
363 1533 447 1591 urbes,
460 1547 530 1598 atque
542 1548 611 1581 aurea
621 1534 680 1598 teila
689 1528 799 1590 videbis,

242 1613 352 1678 Quaequc
360 1614 417 1662 suos
425 1611 488 1662 dicas
500 1611 589 1676 templa
599 1609 681 1660 decere
691 1610 766 1659 Deos.

211 1689 274 1740 lliorr
284 1694 400 1757 aspicies,
412 1691 551 1757 firmataque
565 1692 668 1740 turribus
679 1689 732 1739 altis

242 1771 355 1830 Moenia,
368 1772 476 1820 Phoebeae
488 1772 570 1820 struda
580 1786 666 1819 canore
681 1770 747 1829 lyrae.

207 1846 278 1908 Quid
290 1849 335 1897 ribi
347 1846 376 1897 de
389 1850 458 1897 turba
469 1865 562 1898 narrem
577 1864 725 1912 numeroque
739 1848 866 1896 virommi

241 1925 290 1974 Vix
306 1926 424 1992 populum
435 1926 505 1976 tellus
519 1927 615 1976 sustinet
629 1927 672 1974 illa
682 1929 760 1974 suum.

209 2003 344 2054 Occurrent
360 2004 433 2056 denso
444 2009 488 2055 tibi
503 2005 610 2055 Troades
619 2008 714 2071 agmine
726 2019 830 2062 marres3

241 2080 294 2130 Nec
312 2086 406 2148 capient
422 2085 533 2149 Phrygias
548 2088 607 2133 atria
616 2084 694 2133 nostra
704 2100 785 2132 nurus.

208 2159 354 2224 Olquoties
365 2159 444 2221 dices,
458 2161 538 2223 Qudm
548 2179 636 2227 pauper
644 2163 733 2211 Achaia
744 2162 822 2211 nostra
829 2161 876 2211 est!

241 2237 299 2286 Una
308 2237 395 2288 domus
408 2245 496 2305 quaevis
512 2242 574 2290 urbis
586 2241 683 2290 habebit
692 2258 758 2306 opes.

207 2315 262 2366 Nec
279 2318 340 2366 mihi
351 2317 388 2366 fas
397 2317 470 2368 fuerit
484 2321 581 2383 Sparten
592 2336 744 2368 contemnere
755 2320 867 2372 vestram:

240 2395 269 2442 ln
283 2411 330 2460 qua
341 2410 367 2445 tu
377 2412 433 2446 nata
442 2414 483 2457 es,
500 2414 561 2447 terra
569 2401 638 2449 beata
647 2401 709 2447 mihi
720 2399 760 2448 est.

206 2472 281 2522 Parca
300 2472 341 2523 sed
352 2475 384 2524 est
395 2477 495 2540 Sparte,
507 2491 533 2525 tu
543 2477 611 2526 cultu
621 2475 695 2526 divite
706 2476 779 2540 digna
789 2495 829 2528 ess

239 2548 280 2599 Ad
294 2552 367 2601 talem
378 2553 483 2602 formam
493 2572 543 2604 non
553 2556 612 2604 facit
621 2556 662 2605 iste
674 2556 751 2605 locus.

206 2626 276 2676 Hanc
289 2628 376 2679 faciem
387 2632 458 2696 largis
472 2635 520 2681 sine
532 2631 579 2682 fine
595 2637 714 2698 paratibus
725 2638 775 2693 uti,

237 2705 386 2774 Deliciisque
397 2709 466 2759 decet
477 2710 592 2759 luxuriare
603 2715 681 2760 novis.

206 2782 273 2838 Cim
288 2783 369 2836 videas
382 2788 475 2837 cultum
487 2789 566 2837 nostrai
577 2787 607 2839 de
622 2804 692 2853 gente
701 2790 827 2849 virorum,

207 2857 211 2868 ⁴
238 2861 344 2921 Qualem
359 2855 507 2916 Dardanidas
518 2866 594 2916 credis
606 2869 692 2916 habere
703 2884 774 2917 nurus
784 2872 793 2916 ?

206 2936 245 2988 Da
261 2940 338 2991 modo
351 2957 373 2992 te
390 2945 501 2994 facilem:
515 2962 559 2995 nec
575 2945 702 3011 dedignare
714 2951 846 3008 maritum,

159 3059 162 3067 ,
238 3019 303 3067 Rure
317 3021 463 3086 Therapnaeo
473 3038 528 3073 nata
539 3023 634 3089 puella,
649 3027 775 3090 Phrygem.

205 3095 287 3156 Phryx
297 3114 364 3158 erat,
379 3104 404 3148 dt
415 3100 495 3150 nostro
505 3106 597 3166 genitus
611 3100 641 3152 de
649 3106 760 3169 sanguine
770 3140 778 3165 ,
790 3108 832 3172 qui
842 3123 907 3160 nunc

239 3172 308 3227 Cum
321 3176 367 3228 Dis
377 3177 493 3246 potandas
504 3183 596 3233 neclan
609 3185 694 3235 miscet
708 3199 788 3249 aquas.

740 3260 765 3310 D
779 3277 795 3314 v
