2367 3992
303 491 359 542 urz
378 470 495 542 Auru
514 468 704 539 AMAuor
723 468 760 534 L.
777 469 826 534 II.
853 488 921 556 235
983 465 985 468 ’

211 588 267 640 Non
282 603 305 639 te
319 589 443 640 Maenalias
454 603 573 638 armatum
583 583 696 636 scandere
708 583 798 646 silvas,

242 668 294 718 Nec
303 671 375 734 jubeo
386 667 453 717 collo
464 671 523 716 retia
535 667 596 716 ferre
608 680 659 715 tuo.

210 747 305 796 Pectora
319 763 362 797 nec
377 749 454 796 missis
466 747 538 812 Jubeo
548 745 651 809 prebere
662 743 765 807 sagittis·
932 741 974 788 ¹95

240 826 303 875 Artis
314 841 382 876 erunt
390 840 462 875 cauto
471 824 556 873 moilia
564 819 625 888 juffa
635 837 706 871 meae.

208 901 275 952 Cede
287 907 442 969 repugnanti3
454 901 563 953 cedendo
572 903 648 950 sistor
658 901 745 948 abibis.

239 982 286 1029 Fac
299 981 392 1042 modi),
408 999 466 1048 quau
477 997 554 1046 partes
566 980 609 1029 illa
620 979 731 1045 jubebit,
747 993 811 1041 agar.

207 1057 310 1122 ſtrguet,
326 1064 419 1124 arguito
432 1079 437 1109 :
450 1056 566 1124 quicquid
577 1060 663 1123 probat
679 1056 739 1115 illa,
752 1057 867 1120 probato:

238 1134 313 1195 Quod
331 1135 411 1197 dicet,
425 1135 504 1185 dicas:
517 1133 584 1200 quod
596 1132 736 1198 negatilla,
751 1149 831 1197 neges.
926 1136 976 1168 ²⁶0

207 1213 293 1262 Riserit
304 1248 312 1272 ,
324 1212 412 1263 arride:
428 1218 446 1262 si
457 1213 538 1272 flebit,
551 1211 606 1261 flere
617 1227 740 1260 memento
752 1228 759 1258 r

236 1290 352 1353 Imponat
362 1291 426 1355 leges
436 1291 542 1340 vultibus
551 1290 595 1338 iiia
609 1292 664 1338 tuit.

205 1369 248 1416 Seu
262 1366 347 1428 ludet,
363 1386 522 1434 numerosque
533 1382 607 1418 manu
614 1367 713 1433 jaciabit
723 1365 843 1426 eburnos;

237 1445 276 1494 Tu
287 1447 351 1495 male
363 1450 464 1512 jaciato,
482 1462 508 1496 tu
522 1445 585 1495 maie
596 1447 656 1510 §aeia
667 1443 734 1493 dato.

205 1524 250 1574 Seu
259 1526 331 1588 jacies
343 1525 421 1584 talos,
431 1527 518 1577 viiirm
529 1541 560 1573 ne
571 1540 643 1589 poena
653 1525 782 1589 sequatur,
923 1526 968 1576 ²05

236 1601 355 1652 Damnosi
366 1603 440 1653 facito
451 1604 511 1653 stent
524 1605 568 1652 tibi
577 1605 637 1668 i'aepe
645 1619 714 1653 canes
726 1621 734 1650 t

204 1680 256 1731 Sive
270 1680 389 1732 latrocinii
400 1684 442 1731 sub
452 1687 557 1746 imagine
567 1682 672 1731 calculus
682 1683 728 1730 ibit
737 1697 747 1740 ς

235 1760 282 1808 Pac
292 1777 370 1824 pereat
380 1765 457 1810 vitreo
470 1761 539 1809 miles
550 1762 579 1808 ab
590 1760 656 1808 hoste
667 1775 730 1809 tuus.

203 1835 254 1901 lpse
270 1852 323 1887 tene
338 1837 438 1888 distenta
449 1842 496 1887 suis
508 1837 646 1887 umbracula
655 1839 728 1900 virgis
740 1855 747 1884 e
842 1863 845 1876 ·
947 1833 949 1840 '

236 1915 288 1979 Ipse
299 1916 349 1965 face
361 1921 386 1966 in
394 1919 480 1977 turba,
492 1915 541 1983 qui
550 1919 617 1964 venir
628 1914 684 1973 illa,
696 1915 788 1962 locum.
923 1919 969 1954 210

202 1989 254 2040 Nec
267 1991 350 2043 dubita
361 1999 429 2044 tereti
442 1998 565 2044 scamnum
576 1993 707 2059 producere
717 1992 794 2041 iccio:

233 2069 266 2118 Et
275 2085 357 2121 tenero
367 2074 456 2122 soleam
467 2072 551 2132 deme,
562 2073 601 2122 vel
612 2071 673 2121 adde
685 2107 693 2131 ‚
705 2069 769 2136 pedi.

202 2147 268 2212 Saepe
278 2153 351 2199 eriam
362 2149 482 2209 dominae,
493 2153 603 2217 quamvis
613 2150 720 2200 horrebis
732 2152 757 2199 ἃ
769 2151 836 2214 ipse,

232 2226 341 2291 Algenris
351 2246 434 2278 marrus
444 2230 476 2279 est
486 2227 632 2280 calfacienda
642 2232 704 2278 sinu.

201 2302 252 2354 Nec
264 2308 308 2354 tibi
321 2323 387 2373 turpe
398 2307 474 2374 puta(
485 2313 593 2374 quamvis
607 2309 650 2356 tibi
664 2323 747 2373 turpe,
759 2306 880 2372 placebit,
891 2306 900 2376 )
919 2321 962 2369 2¹5

232 2383 339 2447 Ingenui
349 2387 470 2450 specuium
482 2384 612 2436 sustinuiffe
623 2403 704 2436 manu.

199 2458 243 2508 lile
255 2497 263 2520 ‚
280 2461 385 2526 fatigatae
395 2463 517 2527 perdendo
525 2464 630 2514 monstra
640 2481 763 2523 nuvercae,

233 2539 281 2598 Qui
292 2544 379 2589 meruit
390 2541 496 2599 coeium,
512 2540 578 2604 quod
590 2544 655 2603 prior
665 2543 714 2603 ipse
725 2527 800 2600 tulit,

199 2615 264 2667 Inter
275 2619 381 2666 ioniacas
394 2618 516 2666 calathum
528 2614 626 2667 tenuiffe
638 2618 729 2682 puellas

231 2693 363 2754 Creditur,
379 2699 404 2744 δι
416 2696 482 2744 lanas
491 2693 619 2746 excoluisse
629 2694 708 2745 rudes.

199 2771 281 2820 Paruit
291 2775 391 2837 imperio
408 2772 513 2822 domine
526 2775 666 2836 Tirynthius
680 2776 767 2824 heros:

232 2849 242 2896 Ι
258 2866 336 2908 nunc,
353 2855 377 2899 ὃ(
389 2850 472 2901 dubita
483 2853 557 2912 ferre,
569 2852 636 2921 quod
647 2852 689 2902 ilie
700 2852 772 2904 tulitr

197 2923 274 2974 Juffus
290 2927 367 2977 adeffe
378 2929 432 2980 foro
444 2966 452 2989 ‚
467 2931 530 2995 jussi
540 2934 656 2983 maturius
667 2934 727 2984 hori

230 3005 276 3054 Fac
295 3009 385 3072 semper
398 3013 496 3069 venies3
512 3027 554 3060 nec
566 3016 611 3060 nisi
626 3013 687 3061 serus
697 3016 745 3062 abi.

198 3083 313 3135 Occurras
324 3087 406 3153 aliquo
417 3089 462 3136 tibi
472 3086 571 3148 dixerit3
583 3094 665 3140 omnia
676 3091 758 3141 differe

232 3161 309 3217 Curre
318 3183 326 3226 ς
336 3183 380 3218 nec
389 3169 512 3235 inceptum
523 3169 591 3219 rurba
600 3185 707 3221 moretur
715 3173 770 3222 iter.

905 2685 964 2720 ‘220
