2367 3992
244 500 288 544 20
347 479 858 549 P·.Ov11>rrNAeours

264 616 947 690 ‹e-Qssfflfispfifflp

417 719 701 806 rrrsrouu
737 745 778 806 v.

360 873 573 933 OEuouz
614 874 848 943 Porrrur.

245 963 953 1101 Perlegisianconjuxprohibetnovriperlegernonest

277 1110 322 1159 ista
339 1112 464 1173 Mycenaer
480 1114 547 1163 litera
563 1114 622 1163 fail-r
637 1130 718 1163 manu.

245 1188 338 1253 Pegasis
355 1190 462 1249 OEneue,
481 1192 588 1256 Phrygiis
603 1189 852 1250 celeberrimasilvir,

254 1302 256 1307 .
279 1267 343 1314 Laesa
353 1284 439 1332 queror
449 1267 478 1317 de
490 1284 512 1318 te
526 1306 532 1323 ,
553 1273 571 1316 si
583 1272 639 1317 sinis
650 1271 716 1339 ipse,
734 1285 799 1316 meo.

180 1337 181 1344 ¹
201 1339 212 1390 5
248 1343 306 1404 Quis
317 1345 380 1393 Deus
392 1348 503 1411 opposuit
515 1347 599 1395 nostris
610 1349 650 1395 sua
661 1349 850 1395 ruminaveris?

128 1455 167 1495 ῃ.
280 1422 317 1470 Ne
336 1438 376 1472 tua
389 1440 558 1488 permaneam,
575 1422 642 1490 quod
654 1427 714 1472 mihi
730 1427 821 1472 crimen
837 1424 918 1474 obest?

247 1499 362 1559 Leniter,
373 1518 400 1549 er
412 1506 498 1550 merito
510 1499 624 1567 quicquid
636 1505 725 1566 pariare
732 1536 740 1561 ,
758 1500 883 1551 ferendum
895 1503 945 1566 este

281 1579 339 1637 Quae
350 1583 415 1628 veuit
427 1577 531 1644 iuriiguae
549 1597 636 1644 poena,
657 1577 761 1628 dolenda
775 1583 851 1628 venit.

248 1654 367 1706 Nondum
376 1671 454 1705 tentus
465 1673 531 1714 eras,
543 1656 599 1706 cum
608 1671 630 1704 re
645 1672 757 1705 contenta
768 1659 871 1717 marito,

205 1749 233 1781 ro
283 1733 353 1783 Edita
364 1732 392 1783 de
404 1751 492 1799 magno
505 1733 603 1782 flumine
614 1734 744 1798 Nympha,
757 1734 801 1782 fui.

251 1812 299 1874 Qui
311 1830 373 1862 nuuc
385 1811 529 1872 Priamides,
567 1811 629 1861 adsit
640 1815 771 1860 reverentia
779 1828 837 1861 vero
844 1818 854 1870 )

284 1893 367 1941 Servus
384 1909 433 1940 eras
446 1911 451 1940 :
465 1892 531 1940 servo
542 1891 630 1939 nubere
646 1891 759 1953 Nympha
773 1888 826 1937 ruli.

252 1972 317 2036 Saepe
329 1988 409 2036 greges
425 1973 486 2019 inter
495 1971 652 2034 requievimus
662 1969 745 2016 arbore
756 1969 809 2014 testi
820 1983 827 2024 3

284 2049 409 2114 Mixtaque
420 2065 474 2097 cum
493 2046 556 2095 foliis
570 2047 670 2110 praebuit
681 2045 753 2093 herba
765 2059 854 2092 torum.

208 2153 234 2200 ¹5
254 2128 318 2190 Saepe
330 2127 396 2190 super
407 2115 524 2183 strumen,
537 2123 650 2188 foeuoque
661 2122 792 2188 jacentibus
804 2121 871 2180 alto,

287 2203 391 2253 Deferrfir
399 2203 431 2252 est
442 2203 528 2251 humili
539 2219 597 2251 cana
604 2203 689 2267 pruina
700 2198 763 2249 casei.

255 2282 315 2344 Quis
325 2284 368 2331 tibi
383 2281 528 2330 monstrabat
539 2281 611 2329 saltus
620 2278 745 2329 uenatibus
754 2291 821 2340 aptos
833 2309 843 2337 ,

287 2360 317 2409 Et
328 2374 417 2424 tegerer
427 2359 518 2408 catulos
528 2357 574 2424 qui
588 2357 638 2405 fera
650 2373 707 2420 rupe
719 2356 791 2403 suos?
827 2396 830 2401 .

255 2438 325 2486 Retia
336 2439 394 2501 saepe
405 2453 485 2485 comes
500 2435 600 2484 maculis
614 2432 720 2483 distineia
729 2427 833 2486 tetendi:

210 2529 240 2562 20
289 2517 354 2580 Saepe
370 2519 429 2563 ciros
440 2517 477 2579 egi
488 2530 528 2578 per
539 2505 594 2578 juga
605 2512 677 2576 ionga
687 2527 765 2559 canes.

256 2593 338 2642 Incisae
353 2595 446 2642 servant
457 2610 470 2640 a
481 2607 504 2639 te
515 2608 567 2638 mea
579 2594 679 2638 nomina
690 2588 739 2652 fagi
750 2606 757 2636 t

290 2669 321 2718 Et
335 2669 402 2735 legor
412 2671 517 2726 OEuone,
536 2667 597 2715 falce
611 2680 708 2724 notata,
723 2680 780 2713 tua:

258 2745 290 2796 Et
298 2763 414 2812 quantum
427 2750 518 2804 trunci,
530 2759 625 2794 tentum
635 2760 688 2792 mea
699 2745 798 2791 nomina
810 2744 927 2792 crescunt·

291 2823 397 2873 Crescite
407 2859 415 2883 ‚
424 2828 448 2872 ὃ(
459 2827 485 2871 iu
496 2823 579 2872 titulos
590 2824 677 2885 surgite
685 2823 746 2868 reela
757 2837 836 2871 meos·
871 2847 874 2854 ·

212 2928 240 2974 ²5
260 2902 364 2966 Populus
375 2901 420 2960 est,
433 2904 531 2948 memini
541 2935 549 2958 ‚
561 2898 651 2947 fluviali
664 2900 755 2946 consita
765 2896 837 2962 ripi,
868 2889 870 2893 ¹

294 2980 332 3028 Est
342 2983 367 3028 in
379 2978 426 3043 qui
437 2979 508 3026 nostri
519 2976 586 3026 litera
599 2977 684 3039 scripta
695 2991 797 3024 memor.

212 3079 228 3105 ι
261 3058 351 3124 Populo
363 3093 371 3117 ,
385 3061 441 3109 rive
457 3072 558 3121 precor,
575 3069 628 3123 quae
639 3055 730 3103 consita
742 3054 848 3116 margine
861 3055 919 3118 ripae
927 3085 937 3113 ,

294 3135 348 3188 Hoc
359 3139 385 3186 in
400 3135 487 3201 rugoso
498 3133 586 3182 cortice
602 3147 698 3181 carmen
710 3132 799 3181 hebes:
