2367 3992
334 453 605 558 uermes.
628 491 703 557 ep.
730 493 808 559 ιη.
885 515 922 578 13

240 608 292 669 Qui
304 610 363 658 bene
378 627 422 674 pro
437 613 530 674 patria,
542 626 599 659 cum
608 614 730 677 patriaque
740 646 748 671 ,
760 615 852 675 jaceut3
931 631 937 640 ·

205 685 300 751 Perque
311 701 381 735 tuum
392 687 545 754 nostrumque
556 703 640 752 caput,
651 705 705 753 quae
715 691 835 753 junximus
846 691 911 748 un2l3

241 765 335 829 Perque
347 781 400 814 tuos
412 768 492 820 enses,
513 769 610 830 cognita
620 766 666 815 tela
676 771 754 825 meis,

208 841 284 890 Nulla
305 843 457 904 Mycenaeum
468 840 564 892 sociasse
577 844 665 892 cubilia
675 860 770 904 mecum

238 921 299 969 Juro
319 940 325 968 :
348 921 472 970 salientem
489 917 614 969 deseruisse
632 921 699 970 velis.
934 941 977 971 rio

206 985 230 1033 si
248 988 293 1035 tibi
305 1003 369 1034 nunc
380 984 458 1034 dicam
468 1003 476 1044 3
487 986 640 1045 fortissime,
653 1002 677 1035 tu
688 1003 784 1052 quoque
794 989 846 1052 jura

239 1063 317 1111 Nulla
332 1064 376 1111 tibi
384 1066 434 1111 sine
442 1080 481 1111 me
490 1061 577 1128 gaudia
588 1063 665 1121 seila,
677 1081 761 1128 neges.-

206 1141 239 1190 At
256 1141 338 1218 Dapa'i
349 1157 444 1190 maerere
454 1156 538 1205 purant
550 1160 556 1189 ι
570 1142 614 1189 tibi
626 1141 712 1205 plestra
721 1157 861 1191 moventur:

241 1219 279 1266 Te
292 1235 358 1268 tenet
368 1223 393 1267 in
404 1217 485 1285 tepido
496 1218 577 1268 mollis
591 1221 667 1267 amica
678 1223 739 1268 sinu.
760 1219 766 1226 ’

205 1296 270 1345 Etsi
283 1301 336 1363 quis
353 1313 458 1363 quaerat,
475 1313 547 1363 quare
558 1294 662 1362 pugnare
673 1300 780 1346 recuses:
931 1310 974 1354 115

240 1377 325 1440 Pugna
335 1391 407 1425 nocet
419 1395 424 1422 ι
437 1378 551 1434 citharae,
566 1392 661 1440 voxque
672 1375 798 1440 Venusque
807 1377 898 1441 Juvaot.

206 1453 295 1503 Tutius
312 1455 345 1502 est
356 1450 451 1519 jacuisse
463 1468 531 1511 toto,
547 1449 646 1502 tenuisse
658 1453 780 1517 puellam,

240 1533 381 1586 Threiciam
397 1530 478 1597 digitis
491 1528 631 1596 increpuisse
652 1531 746 1592 lyram,

207 1610 292 1672 Qualm
308 1612 417 1660 manibus
428 1611 540 1674 clypeos,
553 1613 578 1658 bt
587 1626 662 1658 acuta
673 1607 776 1674 cuspidis
788 1609 895 1672 hastam,

240 1691 273 1738 Er
284 1690 378 1754 galeam
390 1688 468 1754 pressi
479 1682 608 1736 sustinuiffe
619 1686 698 1736 comi.
930 1715 976 1748 120

207 1765 254 1818 Sed
267 1770 312 1817 tibi
323 1785 367 1832 pro
382 1770 438 1816 tutis
451 1770 552 1830 insignia
565 1765 624 1814 saria
635 1765 760 1830 placebant
771 1785 780 1827 3

240 1848 359 1910 Partaque
371 1843 483 1893 bellando
495 1844 572 1908 gloria
583 1841 660 1892 dulcis
673 1858 730 1892 erat.

207 1926 246 1976 An
266 1939 377 1981 tantum,
391 1921 449 1972 dum
461 1940 499 1971 me
511 1939 619 1986 caperes,
631 1921 681 1970 fera
689 1921 752 1970 bella
763 1921 896 1985 probabas?

242 2003 357 2068 Cumque
369 2001 424 2051 med
440 2001 516 2065 patrii
529 2000 578 2048 laus
590 2015 630 2047 tua
640 2003 700 2047 vilia
709 2001 788 2063 Jacet?

207 2080 243 2130 Di
265 2080 351 2130 melius
366 2098 372 2126 ι
385 2077 531 2144 validoque,
549 2095 649 2143 precor,
663 2079 756 2126 vibrata
765 2077 853 2126 lacerto
932 2095 974 2142 ¹²5

242 2159 358 2207 Transeat
373 2159 515 2206 Hesloreum
528 2156 602 2204 Pelias
614 2156 676 2204 hasta
687 2155 756 2204 latus.
769 2144 774 2154 ’

169 2243 172 2248 “
206 2238 304 2288 Mittite
323 2255 378 2296 me,
394 2237 489 2293 Danai,
503 2234 629 2283 dominum
641 2234 718 2299 legata
729 2234 834 2298 rogabo:

241 2316 369 2381 Multaque
388 2312 505 2362 mandatis
524 2313 604 2362 oscula
614 2317 689 2360 mixta
705 2312 788 2361 seram.

206 2393 264 2443 Plus
273 2410 318 2459 ego
330 2392 403 2459 quim
414 2393 530 2449 Phoenix,
542 2392 595 2456 plus
603 2391 677 2456 quim
689 2389 804 2440 facundus
816 2389 927 2458 Ulyffes‚

241 2473 297 2521 Plus
309 2489 354 2537 ego
366 2469 440 2537 quim
451 2471 554 2528 Teucri,
567 2468 672 2528 credite,
688 2469 760 2517 frater
772 2483 850 2532 agam.
932 2493 977 2537 ¹30

206 2537 248 2600 Est
267 2547 360 2614 aliquid
375 2549 466 2597 collum
480 2547 556 2598 solitis
570 2543 671 2610 tetigisse
684 2546 790 2600 lacertis,

241 2628 411 2691 Praesentisque
425 2625 510 2675 oculos
528 2622 676 2674 admonuisse
695 2626 740 2672 sui.

207 2706 244 2754 Sis
265 2704 322 2753 licet
335 2707 453 2756 immitis,
467 2707 595 2768 matrisque
607 2703 709 2751 ferocior
720 2699 807 2760 undis3

241 2782 277 2830 Ut
298 2797 407 2840 taceam,
424 2782 535 2842 lacrymis
551 2779 715 2829 comminuite
726 2783 794 2830 meis.

204 2861 282 2913 Nunc
293 2876 388 2925 quoque
400 2857 409 2926 (
419 2863 452 2907 sic
463 2847 546 2907 omues
555 2858 637 2906 Peleus
647 2872 712 2922 pater
723 2858 824 2925 impleat
834 2875 973 2928 annos,155

241 2940 279 2987 Sic
291 2952 328 2986 eat
339 2939 446 3001 auspiciis
464 2939 563 2999 Pyrrhus
578 2939 604 2985 in
615 2954 680 2985 arma
691 2940 754 3005 tuis)
840 2962 843 2968 ‹

206 3017 308 3082 Respice
318 3015 436 3064 solicitam
446 3013 566 3074 lirise'ida,
580 3015 648 3064 sortis
656 3015 762 3075 Achille,

242 3095 294 3144 Nec
306 3096 416 3144 miseram
428 3093 492 3142 lenti
502 3093 589 3142 ferreus
602 3111 641 3143 ute
652 3095 729 3161 mori.

206 3172 270 3237 Aur,
287 3176 307 3222 si
316 3174 395 3241 sersus
405 3188 473 3224 amos
484 3187 537 3222 tuus
547 3171 580 3221 est
590 3175 617 3222 in
628 3170 698 3224 tedia
707 3173 780 3224 nostri
790 3208 799 3235 ‚
