2367 3992
267 487 333 553 322
367 461 433 533 An
460 463 631 533 LrvrAM
654 459 915 534 Aeonem

297 587 417 637 Gentibus
426 582 528 637 advertis
539 582 619 637 forma
629 588 659 635 cit
669 584 728 646 illa,
739 602 841 652 precor,

263 664 351 715 Incerti
363 663 526 731 claudumque
535 661 641 724 domoc,
653 664 824 731 strepitumque
834 681 876 732 per
885 665 975 724 urbem

297 742 345 793 ilic
360 742 398 793 illi
412 741 493 807 pavidi
505 742 617 809 clamque
631 741 759 808 palamque
773 739 871 792 dolent.

219 813 321 876 risiare
337 822 426 882 silent,
442 836 562 887 mutaque
573 836 653 872 tacent
666 824 716 871 eine
727 818 825 872 vindice
835 820 900 888 leget
911 839 921 882 5

297 901 416 964 Aspicitur
426 914 480 950 toto
489 915 591 964 purpura
603 898 670 948 nulla
683 899 749 949 foro.

264 977 346 1043 Dique
360 978 436 1028 latent
447 977 541 1043 templis
550 994 556 1024 ι
566 993 643 1042 neque
658 979 743 1041 iniqua
752 973 783 1026 ad
796 975 880 1026 funera
889 974 964 1028 vultu

297 1056 404 1105 Praebent
415 1073 421 1104 e
433 1071 476 1105 nee
491 1055 593 1120 poscunt
604 1069 656 1103 tura
667 1052 765 1104 ferenda
775 1071 847 1120 rogo.

265 1134 385 1185 Obscutoe
400 1131 500 1183 delubra
516 1146 612 1183 tenente
622 1130 696 1198 pudet
709 1148 753 1181 ora
761 1130 890 1182 colentium

220 1222 264 1263 ¹90
299 1214 428 1278 Aspicere‚
446 1211 560 1267 invidie.
575 1227 648 1277 quam
662 1227 786 1270 meruere,
803 1225 882 1260 metu.

264 1292 343 1356 Atque
353 1290 439 1356 eliquit
456 1288 486 1340 cle
500 1289 583 1354 plebe,
598 1292 653 1354 pius>
661 1305 705 1354 pro
713 1304 816 1353 paupere
826 1301 905 1343 nato,

298 1370 427 1419 sustulerat
436 1366 533 1417 timidas
542 1365 621 1417 sidere
630 1365 661 1416 nd
675 1367 724 1416 alta
735 1382 838 1430 munuc:

263 1448 364 1514 Jamque
374 1462 524 1513 precaturus,
533 1444 600 1507 Quid
605 1462 651 1510 ego
658 1459 739 1494 autern
751 1442 881 1507 credulus,
891 1445 976 1511 inquit,

296 1527 428 1590 Sulpiciani
439 1528 465 1574 in
475 1523 555 1574 nullos
566 1526 632 1573 irrita
639 1537 696 1572 vota
704 1522 788 1576 Densi

220 1601 334 1665 195Livia
345 1635 353 1660 ,
370 1618 421 1651 non
432 1601 489 1650 illoc
499 1617 543 1666 pro
554 1600 634 1649 Druso
649 1600 718 1650 Livia
727 1601 823 1650 movit:

296 1677 348 1728 Nos
359 1682 447 1730 erirnus
462 1695 550 1743 magno
561 1681 667 1727 maxima
677 1694 733 1728 cura
743 1679 819 1729 lovi?

263 1754 333 1805 Dixit
345 1775 351 1805 e
363 1761 387 1809 δι
399 1761 471 1808 iratus
482 1774 538 1808 vota
548 1757 681 1821 insuscepta
691 1756 789 1822 reliquit
800 1775 810 1815 ;

297 1834 446 1903 Duravitque
457 1839 563 1885 animum
574 1869 582 1894 ,
599 1832 752 1900 destituitque
763 1852 854 1900 preces.

265 1910 343 1961 Obvia
354 1916 423 1963 turba
433 1917 495 1972 ruit,
515 1912 673 1979 lacrymisque
686 1915 818 1977 rigantibus
827 1931 870 1965 ora
877 1950 891 1976 ,,

216 2004 263 2037 200
297 1990 409 2041 Consulis
421 1995 494 2056 erepti
508 1991 604 2056 publica
613 1989 700 2040 damna
711 1991 793 2041 refert.

265 2069 383 2118 Omnibus
399 2068 463 2119 idem
474 2069 541 2118 oculi
551 2084 559 2127 3
580 2085 633 2132 pers
643 2069 676 2117 est
686 2067 817 2119 concordia
827 2069 915 2124 flendi«

297 2148 393 2196 Funeris
410 2149 525 2212 exsequiis
541 2145 653 2196 adsumus
668 2149 748 2201 omnis
763 2147 852 2212 Eques.

265 2223 350 2273 Omnis
366 2222 429 2273 adest
439 2241 494 2273 ntus
507 2243 513 2272 ι
525 2240 624 2273 maerent
639 2229 783 2291 juvenesque
796 2227 930 2294 senesque,

297 2303 406 2349 Ausoniae
420 2316 521 2360 matres,
541 2302 699 2368 Ausoniaeque
711 2319 792 2353 nurus.

216 2378 418 2443 2⁰5Auiiorisque
429 2379 465 2427 sui
475 2378 598 2442 prefertur
609 2383 714 2445 imagine
725 2382 806 2438 mesti
817 2417 830 2444 ,

297 2456 355 2516 Qun
365 2458 452 2506 uictrix
464 2456 558 2521 templis
573 2455 655 2507 debita
669 2459 746 2515 laurus
758 2476 818 2510 erat.

264 2533 349 2585 Cercar
364 2551 424 2583 onus
444 2534 497 2583 letli
508 2538 621 2600 generosa
631 2537 708 2586 subire
721 2542 850 2603 juventus:

296 2613 327 2662 Et
345 2611 421 2662 studet
433 2611 514 2662 officio
526 2611 607 2662 sedula
617 2614 681 2663 colla
696 2614 761 2665 dare.
835 2657 839 2667 .

264 2690 294 2739 Et
309 2707 368 2740 vote
383 2695 408 2740 δι
419 2692 529 2753 lacrymis
541 2690 657 2752 laudasti,
672 2691 765 2753 Cesar,
778 2694 928 2758 alumnum

217 2793 264 2825 210
297 2768 383 2817 Tristia
398 2768 453 2817 ttlm
468 2768 561 2817 medius
572 2785 693 2833 rumperet
705 2772 758 2820 orsa
768 2771 850 2822 dolor.

204 2912 206 2916 ι
263 2847 301 2894 Tu
322 2847 397 2896 letum
408 2848 494 2912 optasti
506 2882 514 2907 ,
531 2847 576 2896 Dis
587 2849 745 2898 aversantibus
756 2867 849 2912 omen,

270 2935 272 2939 ’
296 2925 338 2970 Par
350 2925 394 2971 tibi
404 2943 409 2971 2
419 2929 438 2972 si
451 2927 553 2973 sinerent
565 2940 587 2973 te
604 2940 643 2976 tua
654 2925 703 2975 fata
716 2931 790 2976 mori.

262 3000 306 3051 Scri
319 3002 362 3050 tibi
374 3000 473 3051 debetur
483 3002 572 3053 coeluru
582 3023 587 3051 ι
597 3019 624 3055 te
636 3004 737 3061 fulmine
748 3006 858 3071 pollens,

295 3080 401 3145 Accipiet
414 3079 494 3145 cupidi
512 3085 576 3145 regia
587 3099 674 3148 magna
685 3084 758 3133 Jovis.

214 3179 241 3237 ²,¹
250 3182 255 3224 i
263 3157 335 3222 Quod
351 3162 438 3226 petiit,
457 3160 515 3219 tulit
521 3160 563 3217 ille
570 3178 579 3222 3
591 3164 635 3217 tibi
647 3177 673 3219 ut
682 3164 724 3215 sue
734 3163 794 3214 facie
802 3164 945 3246 placerence
