2367 3992
276 424 320 516 xij
402 429 913 517 Turrruonrr,&c.
1020 504 1023 509 ,

316 552 411 612 Uno
437 555 557 611 vincitur
582 553 748 626 Manilius,
771 554 848 636 quod
871 577 930 615 non
953 553 1046 635 potest

278 665 396 705 manum
415 648 511 706 tollere
529 648 564 706 de
579 649 675 708 mbula
689 694 698 719 ,
710 657 737 708 &
751 648 872 730 (quod,
888 670 946 710 tam
969 648 1046 712 falsi>

268 742 361 821 quim
378 740 541 812 immeriti),
558 742 668 802 Ovidio
682 744 825 822 objectum
838 744 929 818 olim)
952 757 1043 804 num·

273 857 360 920 quam
375 835 426 897 scit
439 837 571 898 desinere.
583 837 641 917 Jofi
654 837 758 918 Scalig.
767 840 915 916 prolegom.
931 837 1041 901 Manis.

313 931 437 1006 Tium
452 931 559 1013 semper
572 934 706 993 omnibus
720 932 902 994 admirationi
918 933 1044 1012 Qvidius

273 1025 349 1099 suit,
368 1046 398 1087 ut
416 1048 476 1087 non
493 1025 657 1110 ingeniosus
668 1073 682 1100 ,.
700 1024 747 1086 sed
765 1028 911 1110 ingenium
927 1027 1041 1108 ipsum3

270 1144 330 1182 non
349 1122 474 1193 latinus,
496 1120 543 1183 sed
565 1120 625 1202 ipsa
645 1122 792 1191 latinitas3
811 1141 870 1181 non
887 1120 1041 1183 Musarum

269 1212 419 1288 sacerdos,
433 1213 481 1276 sed
499 1214 591 1297 ipsum
612 1215 761 1276 Musarum
782 1237 886 1276 numen
901 1217 937 1276 sit
954 1213 1041 1277 habi-

217 1340 220 1344 >
271 1329 322 1370 tus.
338 1310 412 1388 Quis
425 1314 502 1375 enim
516 1311 595 1391 plura
606 1319 617 1371 ἰ
628 1312 690 1392 quis
701 1311 875 1394 elegantiora
888 1307 943 1369 hoc
956 1309 1041 1392 poeti

204 1445 209 1454 ·
268 1400 376 1486 scripsit
392 1414 402 1467 ἰ
418 1407 481 1467 Nec
502 1407 589 1467 velim
609 1427 692 1487 porro
708 1425 741 1464 ex
759 1403 926 1485 scriptorum
946 1407 1042 1467 multi·

268 1501 366 1562 tudine
379 1500 521 1562 summam
539 1499 591 1561 effe
608 1498 734 1562 Nasonis
753 1501 974 1571 annositatem
989 1499 1043 1562 sed'

267 1618 355 1678 quum
372 1618 514 1678 perrarum
531 1594 607 1676 apud
625 1592 732 1654 nostros
751 1594 834 1654 suerit
849 1640 856 1664 ,
873 1597 969 1676 utqui
985 1596 1039 1656 ab·

268 1688 379 1764 solute,
396 1692 472 1752 idem
491 1692 582 1751 multa
599 1687 738 1770 scripserit
755 1713 765 1761 3
782 1687 848 1749 hinc
868 1691 940 1750 certe
956 1690 1037 1751 Ovi-

267 1784 346 1846 dium
367 1782 510 1846 summum
528 1787 558 1846 in
579 1784 630 1846 suo
651 1806 750 1869 genere
771 1781 849 1844 fuisse
868 1785 1036 1869 colligitur,

266 1880 346 1963 quod
363 1879 475 1942 infinita
494 1890 521 1942 δι
540 1879 752 1943 absolutissima
771 1881 880 1962 ingenii
900 1878 942 1940 sui
965 1904 1036 1940 mo-

265 1966 400 2041 numenti
423 1980 507 2038 nobis
534 1977 621 2039 dedit.
649 1975 748 2056 than.
769 1973 854 2050 Apol.
872 1998 924 2050 pro
944 1979 1037 2051 poitis

264 2075 399 2145 Latinis,
412 2098 439 2149 p.
457 2080 526 2148 484.

303 2171 429 2240 Unique
449 2167 612 2251 ingeniosus
629 2164 668 2227 est
685 2165 831 2233 Ovidius,
851 2163 929 2245 quod
947 2187 1034 2226 nemo

264 2283 421 2345 umquam,
440 2264 495 2321 nisi
514 2263 564 2342 qui
582 2259 640 2340 ipse
668 2256 831 2342 ingeniosus
857 2279 917 2316 non
945 2257 1030 2332 esset,

148 2420 151 2424 ,
264 2360 389 2444 negavit.
414 2357 531 2437 Ubique
554 2353 653 2415 doctus
681 2352 721 2411 est
738 2351 893 2420 Ovidius,
914 2351 949 2410 de
973 2375 1033 2432 quo

253 2477 323 2532 ¹non
339 2450 432 2514 minus
444 2451 524 2537 ¹apud
543 2471 643 2512 onmes
662 2445 779 2510 constat.
804 2446 912 2524 'Tanau
933 2446 1032 2531 Fures.

264 2550 317 2627 Ep.
340 2567 365 2610 1.
392 2569 437 2624 37.

803 3189 836 3251 P.
858 3185 1027 3250 OVIDII
