2367 3992
282 474 347 540 168
393 464 898 538 OvrnrrAMonuru'

247 611 258 659 5
278 593 324 644 Sed
336 609 417 643 tamen
431 607 472 641 aut
485 609 513 640 ex
524 608 564 640 me
574 606 728 656 conceperat,
741 606 782 639 aut
793 606 839 654 ego
846 591 916 640 credo
927 604 934 638 t
952 587 956 595 '

310 671 350 720 Est
363 659 482 738 mibi'pro
497 669 559 719 facto
570 671 629 734 sape
637 704 646 729 ,
665 667 732 735 quod
744 666 791 717 eiie
804 668 891 732 potest.
976 655 981 683 ¹

275 749 325 810 Isi,
336 750 497 799 Paraetonium
507 748 657 816 genialiaque
669 745 828 811 arvaCanopi

304 829 368 889 Quae
380 829 456 887 colis,
469 831 493 877 ὁ(
506 827 634 890 Memphin
641 824 839 890 palmiferamque
850 825 959 886 Pharon,

274 905 376 971 Quaque
387 905 449 954 celer
458 904 547 963 Nilus,
559 903 609 952 lato
620 901 724 967 dilapsus
734 903 764 951 ab
775 900 861 963 alveo,

225 1002 256 1039 ιο
306 984 349 1031 Per
363 983 454 1048 septem
468 997 551 1048 portus
563 983 589 1030 in
599 984 671 1029 maris
682 983 730 1029 exit
740 996 830 1048 aquase

272 1061 316 1110 Per
327 1075 367 1110 tua
384 1061 449 1110 sistra
458 1076 561 1126 precor,
579 1064 621 1124 per
634 1055 750 1106 Anubidis
760 1071 802 1106 ora
812 1057 928 1109 verendis

303 1140 341 1187 Sic
353 1154 394 1188 tua
407 1141 471 1188 sacra
479 1141 532 1204 piut
543 1139 635 1202 semper
648 1137 723 1186 Osiris
732 1151 811 1198 amet,

269 1214 386 1283 Pigraque
397 1207 490 1266 labatur
501 1219 563 1266 circa
572 1205 673 1264 ¹donaria
681 1217 791 1280 serpens,
877 1258 883 1268 .

302 1293 333 1342 Et
344 1311 425 1349 comes
435 1297 461 1343 in
472 1310 561 1359 pompa
570 1296 680 1356 corniger
691 1292 748 1357 Apis
760 1308 798 1343 eat
808 1311 816 1342 e

221 1391 232 1423 r
239 1394 249 1440 5
268 1370 322 1420 Huc
332 1371 419 1422 adhibe
429 1373 525 1432 vultus;
545 1374 570 1421 bc
583 1375 609 1420 in
616 1387 740 1435 unaparce
752 1369 855 1421 duobus.

300 1450 365 1500 Nam
378 1442 454 1502 vitam
472 1449 576 1500 dominae
586 1465 612 1497 tu
624 1446 690 1498 dabis
699 1466 706 1507 3
715 1448 758 1498 illa
767 1449 836 1498 mihi.

266 1529 332 1593 Saepe
344 1530 388 1578 tibi
406 1526 468 1578 ser'iit
481 1530 551 1576 certis
562 1541 659 1592 operata
670 1525 752 1575 diebus
759 1562 768 1586 ‚

298 1605 353 1664 Qua
366 1608 441 1670 cingit
457 1605 537 1654 lautos
548 1602 643 1653 Gallica
652 1619 731 1654 turma
743 1620 803 1654 tuas.
853 1666 857 1672 ·

264 1681 351 1747 Tuque
366 1682 499 1733 laborantes
512 1698 579 1732 utero
590 1685 700 1731 miserata
710 1682 819 1747 puellas,

134 1810 139 1817 ,
216 1778 247 1814 20
296 1759 403 1819 Quarum
419 1759 485 1811 tarda
496 1761 570 1810 latens
581 1777 683 1825 corpora
694 1759 772 1811 tendit
781 1776 860 1819 onus;

263 1835 333 1886 Lenis
348 1837 403 1888 ades
413 1873 422 1895 ,
435 1840 590 1904 precibusque
605 1841 663 1886 meis
673 1839 745 1899 fave,
756 1838 870 1902 ilithyia:

294 1914 375 1979 Digna
387 1915 433 1970 est,
448 1933 521 1982 quam
532 1917 612 1982 jubeas
624 1921 728 1965 muneris
740 1915 787 1965 eii'e
797 1919 843 1967 tui.

261 1991 313 2058 Ipse
323 2009 367 2058 ego
378 2009 431 2043 tura
446 1993 509 2043 dabo
520 1993 620 2044 fumosis
630 1993 744 2043 candidus
755 1997 800 2043 aris
812 2015 819 2044 t

293 2071 344 2135 ipse
360 2072 435 2121 feram
445 2087 499 2121 ante
509 2086 563 2122 tuos
573 2089 672 2121 munera
682 2085 739 2121 vota
752 2071 832 2136 pedes.

214 2159 241 2208 25
261 2145 381 2212 Adjiciam
395 2150 494 2199 titulum
505 2184 512 2208 ‚
523 2149 619 2200 Servati
635 2149 700 2198 Naso
710 2148 834 2198 Corinnie

294 2225 332 2272 Tu
352 2225 428 2276 modo
439 2226 476 2275 fac
488 2226 561 2276 titulo
576 2228 761 2292 muneribusque
773 2226 866 2278 locum·

258 2304 284 2353 Si
298 2317 378 2358 tamen
388 2307 414 2353 in
428 2319 495 2354 tanto
510 2305 544 2354 fas
554 2321 576 2353 es
588 2302 706 2353 monuiiie
717 2308 820 2366 timoree

290 2381 342 2432 Hac
355 2384 399 2433 tibi
413 2386 444 2432 sit
458 2382 538 2449 pugni
548 2380 682 2433 dimicuiffe
695 2384 759 2432 satis.

283 2486 964 2567 tame&

403 2598 821 2711 ELEGIAxiu
897 2651 900 2661 -

169 2819 173 2824 ,
257 2694 380 2845 Qum
395 2774 462 2839 juvat
473 2773 592 2824 immunes
604 2774 663 2825 belli
675 2776 760 2826 ceffare
771 2774 881 2842 puellae!

286 2848 338 2897 Nec
349 2850 398 2898 fera
407 2851 506 2914 peltatas
516 2855 611 2916 agmina
618 2854 681 2903 velle
692 2857 756 2919 sequi
766 2859 775 2905 i

251 2924 278 2974 si
287 2926 335 2972 sine
349 2926 426 2973 Marte
436 2960 444 2984 ‚
456 2929 503 2975 suis
517 2932 640 2991 patiuntur
650 2931 748 2981 vulnera
758 2934 825 2990 telis,

283 3001 314 3050 Et
332 3016 404 3052 caecas
416 3017 508 3051 armant
525 3006 551 3052 in
564 3006 605 3054 sua
617 3005 665 3056 fata
674 3027 768 3077 manus.

219 3083 232 3139 5
251 3077 310 3146 Quae
325 3081 403 3149 prima
414 3078 515 3132 instituit
525 3094 618 3136 teneros
628 3089 763 3142 convellere
778 3091 858 3158 fetus,

876 3169 969 3224 Minue
