<?xml version="1.0" encoding="UTF-8"?>
<!DOCTYPE html PUBLIC "-//W3C//DTD XHTML 1.0 Transitional//EN"
    "http://www.w3.org/TR/xhtml1/DTD/xhtml1-transitional.dtd">
<html xmlns="http://www.w3.org/1999/xhtml" xml:lang="en" lang="en">
 <head>
  <title>
</title>
<meta http-equiv="Content-Type" content="text/html;charset=utf-8" />
  <meta name='ocr-system' content='tesseract 3.04.00' />
  <meta name='ocr-capabilities' content='ocr_page ocr_carea ocr_par ocr_line ocrx_word'/>
</head>
<body>
  <div class='ocr_page' id='page_1' title='image "./povidiinasoniso03ovidgoog_0083.png"; bbox 0 0 2367 3992; ppageno 0'>
   <div class='ocr_carea' id='block_1_1' title="bbox 342 457 938 556">
    <p class='ocr_par' dir='ltr' id='par_1_1' title="bbox 342 457 938 556">
     <span class='ocr_line' id='line_1_1' title="bbox 342 457 938 556; baseline -0.005 -19"><span class='ocrx_word' id='word_1_1' title='bbox 342 457 604 538; x_wconf 75' lang='lat' dir='ltr'>Htrro&#39;ruts.</span> <span class='ocrx_word' id='word_1_2' title='bbox 629 467 702 534; x_wconf 77' lang='lat' dir='ltr'>Er.</span> <span class='ocrx_word' id='word_1_3' title='bbox 731 467 839 536; x_wconf 79' lang='lat' dir='ltr'><em>XIV.</em></span> <span class='ocrx_word' id='word_1_4' title='bbox 897 474 938 556; x_wconf 85' lang='lat'>65</span> 
     </span>
    </p>
   </div>
   <div class='ocr_carea' id='block_1_2' title="bbox 224 589 990 882">
    <p class='ocr_par' dir='ltr' id='par_1_2' title="bbox 225 589 895 732">
     <span class='ocr_line' id='line_1_2' title="bbox 225 589 895 654; baseline -0.001 -16"><span class='ocrx_word' id='word_1_5' title='bbox 225 589 268 638; x_wconf 88' lang='lat' dir='ltr'>Me</span> <span class='ocrx_word' id='word_1_6' title='bbox 287 590 333 638; x_wconf 90' lang='lat' dir='ltr'>tibi</span> <span class='ocrx_word' id='word_1_7' title='bbox 344 604 469 639; x_wconf 87' lang='lat' dir='ltr'>venturam</span> <span class='ocrx_word' id='word_1_8' title='bbox 479 591 611 646; x_wconf 86' lang='lat' dir='ltr'>comitem,</span> <span class='ocrx_word' id='word_1_9' title='bbox 624 604 777 654; x_wconf 88' lang='lat' dir='ltr'>quocumque</span> <span class='ocrx_word' id='word_1_10' title='bbox 789 590 895 637; x_wconf 80' lang='lat' dir='ltr'>vocarit:</span> 
     </span>
     <span class='ocr_line' id='line_1_3' title="bbox 257 665 863 732; baseline -0.005 -17"><span class='ocrx_word' id='word_1_11' title='bbox 257 669 313 715; x_wconf 84' lang='lat' dir='ltr'>Sive</span> <span class='ocrx_word' id='word_1_12' title='bbox 323 702 332 726; x_wconf 92' lang='lat'><strong><em>‚</em></strong></span> <span class='ocrx_word' id='word_1_13' title='bbox 341 665 426 732; x_wconf 85' lang='lat' dir='ltr'>quod.</span> <span class='ocrx_word' id='word_1_14' title='bbox 437 700 458 715; x_wconf 86' lang='lat'>..</span> <span class='ocrx_word' id='word_1_15' title='bbox 471 669 517 715; x_wconf 88' lang='lat' dir='ltr'>heu</span> <span class='ocrx_word' id='word_1_16' title='bbox 528 667 618 715; x_wconf 80' lang='lat' dir='ltr'>timeo!</span> <span class='ocrx_word' id='word_1_17' title='bbox 634 669 682 714; x_wconf 82' lang='lat' dir='ltr'>sive</span> <span class='ocrx_word' id='word_1_18' title='bbox 690 665 802 731; x_wconf 84' lang='lat' dir='ltr'>superstes</span> <span class='ocrx_word' id='word_1_19' title='bbox 810 668 863 713; x_wconf 79' lang='lat' dir='ltr'>erit.</span> 
     </span>
    </p>

    <p class='ocr_par' dir='ltr' id='par_1_3' title="bbox 224 742 990 882">
     <span class='ocr_line' id='line_1_4' title="bbox 224 742 990 808; baseline -0.005 -14"><span class='ocrx_word' id='word_1_20' title='bbox 224 744 322 794; x_wconf 85' lang='lat' dir='ltr'>Ultima</span> <span class='ocrx_word' id='word_1_21' title='bbox 333 743 448 793; x_wconf 84' lang='lat' dir='ltr'>mandato</span> <span class='ocrx_word' id='word_1_22' title='bbox 459 742 584 793; x_wconf 76' lang='lat' dir='ltr'>claudetur</span> <span class='ocrx_word' id='word_1_23' title='bbox 592 744 691 808; x_wconf 85' lang='lat' dir='ltr'>epistola</span> <span class='ocrx_word' id='word_1_24' title='bbox 699 760 787 808; x_wconf 83' lang='lat' dir='ltr'>parvo:</span> <span class='ocrx_word' id='word_1_25' title='bbox 950 753 976 789; x_wconf 79' lang='lat'>16</span> <span class='ocrx_word' id='word_1_26' title='bbox 980 760 990 805; x_wconf 84' lang='lat'><em>5</em></span> 
     </span>
     <span class='ocr_line' id='line_1_5' title="bbox 257 822 720 882; baseline -0.009 -9"><span class='ocrx_word' id='word_1_27' title='bbox 257 826 282 874; x_wconf 88' lang='lat' dir='ltr'>Si</span> <span class='ocrx_word' id='word_1_28' title='bbox 298 825 342 872; x_wconf 92' lang='lat' dir='ltr'>tibi</span> <span class='ocrx_word' id='word_1_29' title='bbox 359 839 417 870; x_wconf 90' lang='lat' dir='ltr'>eura</span> <span class='ocrx_word' id='word_1_30' title='bbox 428 824 491 882; x_wconf 87' lang='lat' dir='ltr'>mei,</span> <span class='ocrx_word' id='word_1_31' title='bbox 508 825 538 870; x_wconf 83' lang='lat' dir='ltr'>tit</span> <span class='ocrx_word' id='word_1_32' title='bbox 552 822 596 870; x_wconf 90' lang='lat' dir='ltr'>tibi</span> <span class='ocrx_word' id='word_1_33' title='bbox 609 837 665 870; x_wconf 89' lang='lat' dir='ltr'>cura</span> <span class='ocrx_word' id='word_1_34' title='bbox 675 824 720 869; x_wconf 85' lang='lat' dir='ltr'>tui.</span> 
     </span>
    </p>
   </div>
   <div class='ocr_carea' id='block_1_3' title="bbox 239 926 921 1001">
    <p class='ocr_par' dir='ltr' id='par_1_4' title="bbox 239 926 921 1001">
     <span class='ocr_line' id='line_1_6' title="bbox 239 926 921 1001; baseline 0 -13"><span class='ocrx_word' id='word_1_35' title='bbox 239 926 921 1001; x_wconf 42' lang='lat' dir='ltr'>‹fflanffi-‘fizzff-ezu</span> 
     </span>
    </p>
   </div>
   <div class='ocr_carea' id='block_1_4' title="bbox 357 1057 805 1124">
    <p class='ocr_par' dir='ltr' id='par_1_5' title="bbox 357 1057 805 1124">
     <span class='ocr_line' id='line_1_7' title="bbox 357 1057 805 1124; baseline 0 -7"><span class='ocrx_word' id='word_1_36' title='bbox 357 1057 672 1119; x_wconf 86' lang='lat' dir='ltr'><strong>EPISTOLA</strong></span> <span class='ocrx_word' id='word_1_37' title='bbox 700 1058 805 1124; x_wconf 88' lang='lat' dir='ltr'><strong>XIV.</strong></span> 
     </span>
    </p>
   </div>
   <div class='ocr_carea' id='block_1_5' title="bbox 289 1189 867 1251">
    <p class='ocr_par' dir='ltr' id='par_1_6' title="bbox 289 1189 867 1251">
     <span class='ocr_line' id='line_1_8' title="bbox 289 1189 867 1251; baseline -0.005 -2"><span class='ocrx_word' id='word_1_38' title='bbox 289 1189 653 1251; x_wconf 69' lang='lat' dir='ltr'>Hrruuiruusruz</span> <span class='ocrx_word' id='word_1_39' title='bbox 679 1190 867 1249; x_wconf 63' lang='grc' dir='ltr'>[ἵκοιο.</span> 
     </span>
    </p>
   </div>
   <div class='ocr_carea' id='block_1_6' title="bbox 206 1280 984 3214">
    <p class='ocr_par' dir='ltr' id='par_1_7' title="bbox 206 1280 984 3214">
     <span class='ocr_line' id='line_1_9' title="bbox 221 1280 937 1416; baseline 0.001 -19"><span class='ocrx_word' id='word_1_40' title='bbox 221 1280 390 1400; x_wconf 73' lang='lat' dir='ltr'>Mirm</span> <span class='ocrx_word' id='word_1_41' title='bbox 403 1351 585 1416; x_wconf 85' lang='lat' dir='ltr'>Hypermnelite</span> <span class='ocrx_word' id='word_1_42' title='bbox 594 1349 623 1400; x_wconf 87' lang='lat' dir='ltr'>dc</span> <span class='ocrx_word' id='word_1_43' title='bbox 631 1363 668 1400; x_wconf 94' lang='lat' dir='ltr'>tot</span> <span class='ocrx_word' id='word_1_44' title='bbox 675 1347 752 1400; x_wconf 65' lang='lat' dir='ltr'>modi)</span> <span class='ocrx_word' id='word_1_45' title='bbox 762 1347 872 1399; x_wconf 77' lang='lat' dir='ltr'>fratribus</span> <span class='ocrx_word' id='word_1_46' title='bbox 883 1351 937 1398; x_wconf 80' lang='lat' dir='ltr'>uui:</span> 
     </span>
     <span class='ocr_line' id='line_1_10' title="bbox 253 1426 750 1494; baseline -0.004 -16"><span class='ocrx_word' id='word_1_47' title='bbox 253 1426 343 1478; x_wconf 89' lang='lat' dir='ltr'>Cetera</span> <span class='ocrx_word' id='word_1_48' title='bbox 354 1444 483 1493; x_wconf 68' lang='lat' dir='ltr'>nuptarum</span> <span class='ocrx_word' id='word_1_49' title='bbox 493 1432 591 1478; x_wconf 80' lang='lat' dir='ltr'>crimine</span> <span class='ocrx_word' id='word_1_50' title='bbox 603 1430 671 1478; x_wconf 87' lang='lat' dir='ltr'>turba</span> <span class='ocrx_word' id='word_1_51' title='bbox 679 1433 750 1494; x_wconf 87' lang='lat' dir='ltr'>jacet.</span> 
     </span>
     <span class='ocr_line' id='line_1_11' title="bbox 220 1503 889 1572; baseline -0.004 -15"><span class='ocrx_word' id='word_1_52' title='bbox 220 1503 310 1557; x_wconf 90' lang='lat' dir='ltr'>Clausa</span> <span class='ocrx_word' id='word_1_53' title='bbox 318 1503 395 1556; x_wconf 90' lang='lat' dir='ltr'>domo</span> <span class='ocrx_word' id='word_1_54' title='bbox 406 1524 503 1566; x_wconf 72' lang='lat' dir='ltr'>terreor,</span> <span class='ocrx_word' id='word_1_55' title='bbox 513 1509 668 1572; x_wconf 81' lang='lat' dir='ltr'>gravibusque</span> <span class='ocrx_word' id='word_1_56' title='bbox 677 1509 780 1555; x_wconf 81' lang='lat' dir='ltr'>co‘e&#39;rcita</span> <span class='ocrx_word' id='word_1_57' title='bbox 791 1505 889 1557; x_wconf 77' lang='lat' dir='ltr'>vinclis:</span> 
     </span>
     <span class='ocr_line' id='line_1_12' title="bbox 252 1581 744 1649; baseline 0 -18"><span class='ocrx_word' id='word_1_58' title='bbox 252 1583 291 1632; x_wconf 88' lang='lat' dir='ltr'>Est</span> <span class='ocrx_word' id='word_1_59' title='bbox 302 1587 365 1632; x_wconf 88' lang='lat' dir='ltr'>mihi</span> <span class='ocrx_word' id='word_1_60' title='bbox 375 1585 485 1649; x_wconf 85' lang='lat' dir='ltr'>supplicii</span> <span class='ocrx_word' id='word_1_61' title='bbox 495 1588 580 1646; x_wconf 87' lang='lat' dir='ltr'>causa,</span> <span class='ocrx_word' id='word_1_62' title='bbox 594 1581 661 1634; x_wconf 82' lang='lat' dir='ltr'>fuiffe</span> <span class='ocrx_word' id='word_1_63' title='bbox 671 1587 744 1649; x_wconf 86' lang='lat' dir='ltr'>piam.</span> 
     </span>
     <span class='ocr_line' id='line_1_13' title="bbox 218 1659 967 1730; baseline 0.003 -20"><span class='ocrx_word' id='word_1_64' title='bbox 218 1659 293 1722; x_wconf 79' lang='lat' dir='ltr'>Qudd</span> <span class='ocrx_word' id='word_1_65' title='bbox 306 1679 391 1711; x_wconf 87' lang='lat' dir='ltr'>manus</span> <span class='ocrx_word' id='word_1_66' title='bbox 402 1666 512 1712; x_wconf 84' lang='lat' dir='ltr'>extimuit</span> <span class='ocrx_word' id='word_1_67' title='bbox 526 1664 610 1728; x_wconf 74' lang='lat' dir='ltr'>jugulo</span> <span class='ocrx_word' id='word_1_68' title='bbox 620 1661 745 1712; x_wconf 79' lang='lat' dir='ltr'>demittere</span> <span class='ocrx_word' id='word_1_69' title='bbox 758 1662 862 1724; x_wconf 83' lang='lat' dir='ltr'>ferrum,</span> <span class='ocrx_word' id='word_1_70' title='bbox 956 1681 967 1730; x_wconf 85' lang='lat'>5</span> 
     </span>
     <span class='ocr_line' id='line_1_14' title="bbox 251 1739 790 1802; baseline 0.002 -14"><span class='ocrx_word' id='word_1_71' title='bbox 251 1741 310 1789; x_wconf 84' lang='lat' dir='ltr'>Sum</span> <span class='ocrx_word' id='word_1_72' title='bbox 321 1757 376 1789; x_wconf 81' lang='lat' dir='ltr'>rea:</span> <span class='ocrx_word' id='word_1_73' title='bbox 385 1739 493 1791; x_wconf 87' lang='lat' dir='ltr'>laudarer</span> <span class='ocrx_word' id='word_1_74' title='bbox 503 1776 512 1802; x_wconf 92' lang='lat'>,</span> <span class='ocrx_word' id='word_1_75' title='bbox 526 1745 545 1790; x_wconf 84' lang='lat' dir='ltr'>ti</span> <span class='ocrx_word' id='word_1_76' title='bbox 553 1741 628 1791; x_wconf 84' lang='lat' dir='ltr'>scelus</span> <span class='ocrx_word' id='word_1_77' title='bbox 636 1743 690 1790; x_wconf 83' lang='lat' dir='ltr'>ausa</span> <span class='ocrx_word' id='word_1_78' title='bbox 701 1741 790 1790; x_wconf 83' lang='lat' dir='ltr'>iorem.</span> 
     </span>
     <span class='ocr_line' id='line_1_15' title="bbox 215 1814 848 1884; baseline 0.003 -20"><span class='ocrx_word' id='word_1_79' title='bbox 215 1814 271 1865; x_wconf 83' lang='lat' dir='ltr'>Effe</span> <span class='ocrx_word' id='word_1_80' title='bbox 282 1834 349 1867; x_wconf 84' lang='lat' dir='ltr'>ream</span> <span class='ocrx_word' id='word_1_81' title='bbox 366 1818 474 1883; x_wconf 72' lang='lat' dir='ltr'>prestat,</span> <span class='ocrx_word' id='word_1_82' title='bbox 486 1819 561 1884; x_wconf 82' lang='lat' dir='ltr'>quim</span> <span class='ocrx_word' id='word_1_83' title='bbox 572 1823 606 1868; x_wconf 90' lang='lat' dir='ltr'>sic</span> <span class='ocrx_word' id='word_1_84' title='bbox 617 1815 729 1883; x_wconf 75' lang='lat' dir='ltr'>placuisse</span> <span class='ocrx_word' id='word_1_85' title='bbox 739 1822 848 1883; x_wconf 79' lang='lat' dir='ltr'>parenti:</span> 
     </span>
     <span class='ocr_line' id='line_1_16' title="bbox 249 1893 789 1961; baseline -0.006 -17"><span class='ocrx_word' id='word_1_86' title='bbox 249 1894 309 1944; x_wconf 91' lang='lat' dir='ltr'>Non</span> <span class='ocrx_word' id='word_1_87' title='bbox 320 1900 387 1961; x_wconf 76' lang='lat' dir='ltr'>piget</span> <span class='ocrx_word' id='word_1_88' title='bbox 397 1899 514 1946; x_wconf 84' lang='lat' dir='ltr'>immunes</span> <span class='ocrx_word' id='word_1_89' title='bbox 523 1893 593 1945; x_wconf 84' lang='lat' dir='ltr'>caedis</span> <span class='ocrx_word' id='word_1_90' title='bbox 603 1898 689 1945; x_wconf 87' lang='lat' dir='ltr'>habete</span> <span class='ocrx_word' id='word_1_91' title='bbox 698 1911 789 1943; x_wconf 84' lang='lat' dir='ltr'>manus.</span> 
     </span>
     <span class='ocr_line' id='line_1_17' title="bbox 213 1972 867 2039; baseline 0.002 -17"><span class='ocrx_word' id='word_1_92' title='bbox 213 1972 258 2022; x_wconf 86' lang='lat' dir='ltr'>Me</span> <span class='ocrx_word' id='word_1_93' title='bbox 266 1990 335 2038; x_wconf 83' lang='lat' dir='ltr'>pater</span> <span class='ocrx_word' id='word_1_94' title='bbox 345 1977 400 2038; x_wconf 75' lang='lat' dir='ltr'>igne</span> <span class='ocrx_word' id='word_1_95' title='bbox 413 1973 482 2034; x_wconf 87' lang='lat' dir='ltr'>licet,</span> <span class='ocrx_word' id='word_1_96' title='bbox 492 1991 564 2039; x_wconf 88' lang='lat' dir='ltr'>quem</span> <span class='ocrx_word' id='word_1_97' title='bbox 575 1991 625 2023; x_wconf 84' lang='lat' dir='ltr'>non</span> <span class='ocrx_word' id='word_1_98' title='bbox 635 1973 793 2032; x_wconf 82' lang='lat' dir='ltr'>violavimus,</span> <span class='ocrx_word' id='word_1_99' title='bbox 802 1987 867 2032; x_wconf 79' lang='lat' dir='ltr'>urat3</span> 
     </span>
     <span class='ocr_line' id='line_1_18' title="bbox 250 2049 984 2117; baseline 0 -17"><span class='ocrx_word' id='word_1_100' title='bbox 250 2052 359 2117; x_wconf 80' lang='lat' dir='ltr'>Quaeque</span> <span class='ocrx_word' id='word_1_101' title='bbox 371 2051 468 2102; x_wconf 80' lang='lat' dir='ltr'>aderant</span> <span class='ocrx_word' id='word_1_102' title='bbox 480 2054 564 2106; x_wconf 68' lang='lat' dir='ltr'>lactis,</span> <span class='ocrx_word' id='word_1_103' title='bbox 576 2049 659 2103; x_wconf 84' lang='lat' dir='ltr'>tendat</span> <span class='ocrx_word' id='word_1_104' title='bbox 668 2055 742 2100; x_wconf 76' lang='lat' dir='ltr'>inore</span> <span class='ocrx_word' id='word_1_105' title='bbox 752 2050 831 2111; x_wconf 80' lang='lat' dir='ltr'>fates3</span> <span class='ocrx_word' id='word_1_106' title='bbox 955 2076 984 2107; x_wconf 66' lang='grc' dir='ltr'>ιο</span> 
     </span>
     <span class='ocr_line' id='line_1_19' title="bbox 210 2126 868 2196; baseline 0.002 -18"><span class='ocrx_word' id='word_1_107' title='bbox 210 2130 264 2178; x_wconf 78' lang='lat' dir='ltr'>Aut</span> <span class='ocrx_word' id='word_1_108' title='bbox 274 2129 320 2180; x_wconf 91' lang='lat' dir='ltr'>illo</span> <span class='ocrx_word' id='word_1_109' title='bbox 329 2130 420 2194; x_wconf 79' lang='lat' dir='ltr'>jugulet</span> <span class='ocrx_word' id='word_1_110' title='bbox 432 2164 440 2189; x_wconf 92' lang='lat'>,</span> <span class='ocrx_word' id='word_1_111' title='bbox 452 2146 525 2196; x_wconf 86' lang='lat' dir='ltr'>quem</span> <span class='ocrx_word' id='word_1_112' title='bbox 535 2147 585 2179; x_wconf 87' lang='lat' dir='ltr'>nou</span> <span class='ocrx_word' id='word_1_113' title='bbox 596 2131 654 2179; x_wconf 86' lang='lat' dir='ltr'>bene</span> <span class='ocrx_word' id='word_1_114' title='bbox 665 2126 780 2186; x_wconf 80' lang='lat' dir='ltr'>tradidit,</span> <span class='ocrx_word' id='word_1_115' title='bbox 797 2130 868 2189; x_wconf 78' lang='lat' dir='ltr'>euse3</span> 
     </span>
     <span class='ocr_line' id='line_1_20' title="bbox 247 2204 816 2272; baseline 0.002 -18"><span class='ocrx_word' id='word_1_116' title='bbox 247 2207 283 2255; x_wconf 95' lang='lat' dir='ltr'>Ut</span> <span class='ocrx_word' id='word_1_117' title='bbox 293 2207 342 2272; x_wconf 72' lang='lat' dir='ltr'>qui</span> <span class='ocrx_word' id='word_1_118' title='bbox 352 2224 402 2256; x_wconf 88' lang='lat' dir='ltr'>non</span> <span class='ocrx_word' id='word_1_119' title='bbox 413 2205 500 2256; x_wconf 87' lang='lat' dir='ltr'>cecidit</span> <span class='ocrx_word' id='word_1_120' title='bbox 508 2210 545 2257; x_wconf 71' lang='lat' dir='ltr'>rit</span> <span class='ocrx_word' id='word_1_121' title='bbox 556 2224 628 2267; x_wconf 85' lang='lat' dir='ltr'>nece,</span> <span class='ocrx_word' id='word_1_122' title='bbox 639 2223 714 2272; x_wconf 85' lang='lat' dir='ltr'>nupta</span> <span class='ocrx_word' id='word_1_123' title='bbox 721 2204 816 2257; x_wconf 85' lang='lat' dir='ltr'>cadam:</span> 
     </span>
     <span class='ocr_line' id='line_1_21' title="bbox 211 2283 859 2345; baseline 0.002 -11"><span class='ocrx_word' id='word_1_124' title='bbox 211 2283 273 2334; x_wconf 90' lang='lat' dir='ltr'>Non</span> <span class='ocrx_word' id='word_1_125' title='bbox 284 2301 379 2345; x_wconf 84' lang='lat' dir='ltr'>tamen,</span> <span class='ocrx_word' id='word_1_126' title='bbox 392 2300 418 2334; x_wconf 93' lang='lat' dir='ltr'>ut</span> <span class='ocrx_word' id='word_1_127' title='bbox 425 2283 507 2336; x_wconf 80' lang='lat' dir='ltr'>dicant</span> <span class='ocrx_word' id='word_1_128' title='bbox 518 2288 659 2340; x_wconf 88' lang='lat' dir='ltr'>morientia,</span> <span class='ocrx_word' id='word_1_129' title='bbox 670 2286 790 2345; x_wconf 73' lang='lat' dir='ltr'>Paenitet,</span> <span class='ocrx_word' id='word_1_130' title='bbox 802 2301 859 2335; x_wconf 83' lang='lat' dir='ltr'>ora:</span> 
     </span>
     <span class='ocr_line' id='line_1_22' title="bbox 244 2360 776 2430; baseline 0 -19"><span class='ocrx_word' id='word_1_131' title='bbox 244 2362 350 2412; x_wconf 85' lang='lat' dir='ltr'>Efficiet.</span> <span class='ocrx_word' id='word_1_132' title='bbox 362 2363 419 2412; x_wconf 91' lang='lat' dir='ltr'>Non</span> <span class='ocrx_word' id='word_1_133' title='bbox 431 2364 478 2423; x_wconf 85' lang='lat' dir='ltr'>est,</span> <span class='ocrx_word' id='word_1_134' title='bbox 489 2380 561 2430; x_wconf 88' lang='lat' dir='ltr'>quam</span> <span class='ocrx_word' id='word_1_135' title='bbox 571 2367 637 2428; x_wconf 80' lang='lat' dir='ltr'>piget</span> <span class='ocrx_word' id='word_1_136' title='bbox 647 2360 693 2411; x_wconf 85' lang='lat' dir='ltr'>effe</span> <span class='ocrx_word' id='word_1_137' title='bbox 703 2366 776 2428; x_wconf 69' lang='lat' dir='ltr'>piam,</span> 
     </span>
     <span class='ocr_line' id='line_1_23' title="bbox 210 2441 977 2519; baseline 0.004 -29"><span class='ocrx_word' id='word_1_138' title='bbox 210 2441 334 2492; x_wconf 83' lang='lat' dir='ltr'>Poeniteat</span> <span class='ocrx_word' id='word_1_139' title='bbox 343 2441 437 2491; x_wconf 82' lang='lat' dir='ltr'>sceleris</span> <span class='ocrx_word' id='word_1_140' title='bbox 449 2441 560 2491; x_wconf 82' lang='lat' dir='ltr'>Danaum</span> <span class='ocrx_word' id='word_1_141' title='bbox 575 2444 693 2507; x_wconf 83' lang='lat' dir='ltr'>saevasque</span> <span class='ocrx_word' id='word_1_142' title='bbox 704 2443 810 2493; x_wconf 76' lang='lat' dir='ltr'>sororest</span> <span class='ocrx_word' id='word_1_143' title='bbox 951 2473 977 2519; x_wconf 84' lang='lat'>¹5</span> 
     </span>
     <span class='ocr_line' id='line_1_24' title="bbox 244 2518 855 2584; baseline -0.003 -15"><span class='ocrx_word' id='word_1_144' title='bbox 244 2520 292 2569; x_wconf 89' lang='lat' dir='ltr'>Hic</span> <span class='ocrx_word' id='word_1_145' title='bbox 303 2519 468 2572; x_wconf 81' lang='lat' dir='ltr'>soletevenrus</span> <span class='ocrx_word' id='word_1_146' title='bbox 480 2520 540 2569; x_wconf 68' lang='lat' dir='ltr'>facta</span> <span class='ocrx_word' id='word_1_147' title='bbox 548 2518 652 2569; x_wconf 84' lang='lat' dir='ltr'>nefanda</span> <span class='ocrx_word' id='word_1_148' title='bbox 660 2521 734 2584; x_wconf 88' lang='lat' dir='ltr'>sequi.</span> <span class='ocrx_word' id='word_1_149' title='bbox 853 2578 855 2582; x_wconf 14' lang='grc' dir='ltr'><em>Α</em></span> 
     </span>
     <span class='ocr_line' id='line_1_25' title="bbox 210 2597 830 2662; baseline -0.003 -13"><span class='ocrx_word' id='word_1_150' title='bbox 210 2597 264 2649; x_wconf 89' lang='lat' dir='ltr'>Cor</span> <span class='ocrx_word' id='word_1_151' title='bbox 275 2614 347 2662; x_wconf 78' lang='lat' dir='ltr'>pavet</span> <span class='ocrx_word' id='word_1_152' title='bbox 352 2597 479 2651; x_wconf 85' lang='lat' dir='ltr'>admonitu</span> <span class='ocrx_word' id='word_1_153' title='bbox 488 2613 607 2648; x_wconf 68' lang='lat' dir='ltr'>temerate</span> <span class='ocrx_word' id='word_1_154' title='bbox 618 2599 730 2661; x_wconf 83' lang='lat' dir='ltr'>sanguiue</span> <span class='ocrx_word' id='word_1_155' title='bbox 739 2597 830 2654; x_wconf 50' lang='lat' dir='ltr'>nostin</span> 
     </span>
     <span class='ocr_line' id='line_1_26' title="bbox 243 2674 777 2741; baseline 0 -17"><span class='ocrx_word' id='word_1_156' title='bbox 243 2675 275 2724; x_wconf 86' lang='lat' dir='ltr'>Et</span> <span class='ocrx_word' id='word_1_157' title='bbox 285 2676 377 2725; x_wconf 85' lang='lat' dir='ltr'>subitus</span> <span class='ocrx_word' id='word_1_158' title='bbox 388 2675 475 2726; x_wconf 83' lang='lat' dir='ltr'>dextrae</span> <span class='ocrx_word' id='word_1_159' title='bbox 485 2674 602 2741; x_wconf 83' lang='lat' dir='ltr'>praepedit</span> <span class='ocrx_word' id='word_1_160' title='bbox 611 2677 664 2724; x_wconf 88' lang='lat' dir='ltr'>orsa</span> <span class='ocrx_word' id='word_1_161' title='bbox 677 2690 777 2724; x_wconf 86' lang='lat' dir='ltr'>tremor.</span> 
     </span>
     <span class='ocr_line' id='line_1_27' title="bbox 209 2749 765 2819; baseline 0 -17"><span class='ocrx_word' id='word_1_162' title='bbox 209 2753 291 2814; x_wconf 79' lang='lat' dir='ltr'>Quam</span> <span class='ocrx_word' id='word_1_163' title='bbox 302 2768 329 2808; x_wconf 87' lang='lat' dir='ltr'>tu</span> <span class='ocrx_word' id='word_1_164' title='bbox 339 2753 403 2804; x_wconf 80' lang='lat' dir='ltr'>caede</span> <span class='ocrx_word' id='word_1_165' title='bbox 411 2771 478 2819; x_wconf 84' lang='lat' dir='ltr'>putes</span> <span class='ocrx_word' id='word_1_166' title='bbox 485 2755 553 2818; x_wconf 74' lang='lat' dir='ltr'>fungi</span> <span class='ocrx_word' id='word_1_167' title='bbox 560 2749 662 2817; x_wconf 74' lang='lat' dir='ltr'>potuisse</span> <span class='ocrx_word' id='word_1_168' title='bbox 670 2754 765 2807; x_wconf 79' lang='lat' dir='ltr'>mariti,</span> 
     </span>
     <span class='ocr_line' id='line_1_28' title="bbox 242 2828 977 2895; baseline -0.003 -14"><span class='ocrx_word' id='word_1_169' title='bbox 242 2833 351 2881; x_wconf 89' lang='lat' dir='ltr'>Scribere</span> <span class='ocrx_word' id='word_1_170' title='bbox 361 2831 390 2881; x_wconf 90' lang='lat' dir='ltr'>de</span> <span class='ocrx_word' id='word_1_171' title='bbox 402 2832 519 2882; x_wconf 73' lang='lat' dir='ltr'>fastanon</span> <span class='ocrx_word' id='word_1_172' title='bbox 530 2833 573 2880; x_wconf 84' lang='lat' dir='ltr'>sibi</span> <span class='ocrx_word' id='word_1_173' title='bbox 585 2828 649 2880; x_wconf 78' lang='lat' dir='ltr'>caede</span> <span class='ocrx_word' id='word_1_174' title='bbox 657 2833 735 2880; x_wconf 85' lang='lat' dir='ltr'>timet.</span> <span class='ocrx_word' id='word_1_175' title='bbox 945 2862 977 2895; x_wconf 73' lang='lat'>20</span> 
     </span>
     <span class='ocr_line' id='line_1_29' title="bbox 208 2908 871 2975; baseline 0 -16"><span class='ocrx_word' id='word_1_176' title='bbox 208 2908 255 2960; x_wconf 85' lang='lat' dir='ltr'>Sed</span> <span class='ocrx_word' id='word_1_177' title='bbox 265 2925 348 2965; x_wconf 81' lang='lat' dir='ltr'>tamen</span> <span class='ocrx_word' id='word_1_178' title='bbox 360 2914 472 2974; x_wconf 84' lang='lat' dir='ltr'>experiar.</span> <span class='ocrx_word' id='word_1_179' title='bbox 485 2908 563 2959; x_wconf 76' lang='lat' dir='ltr'>Medd</span> <span class='ocrx_word' id='word_1_180' title='bbox 573 2909 633 2973; x_wconf 75' lang='lat' dir='ltr'>laeta</span> <span class='ocrx_word' id='word_1_181' title='bbox 643 2908 779 2975; x_wconf 86' lang='lat' dir='ltr'>crepuscula</span> <span class='ocrx_word' id='word_1_182' title='bbox 786 2912 871 2970; x_wconf 64' lang='lat' dir='ltr'>territa</span> 
     </span>
     <span class='ocr_line' id='line_1_30' title="bbox 241 2979 778 3053; baseline 0.004 -17"><span class='ocrx_word' id='word_1_183' title='bbox 241 2987 338 3036; x_wconf 89' lang='lat' dir='ltr'>Ultima</span> <span class='ocrx_word' id='word_1_184' title='bbox 349 3005 402 3053; x_wconf 82' lang='lat' dir='ltr'>pars</span> <span class='ocrx_word' id='word_1_185' title='bbox 413 2991 499 3043; x_wconf 73' lang='lat' dir='ltr'>nuliis,</span> <span class='ocrx_word' id='word_1_186' title='bbox 510 2979 634 3053; x_wconf 78' lang='lat' dir='ltr'>priruaque</span> <span class='ocrx_word' id='word_1_187' title='bbox 647 2988 705 3036; x_wconf 90' lang='lat' dir='ltr'>lucis</span> <span class='ocrx_word' id='word_1_188' title='bbox 716 3003 778 3038; x_wconf 84' lang='lat' dir='ltr'>etat:</span> 
     </span>
     <span class='ocr_line' id='line_1_31' title="bbox 206 3063 812 3130; baseline 0.003 -16"><span class='ocrx_word' id='word_1_189' title='bbox 206 3065 328 3125; x_wconf 77' lang='lat' dir='ltr'>Ducimur</span> <span class='ocrx_word' id='word_1_190' title='bbox 343 3063 466 3115; x_wconf 83' lang='lat' dir='ltr'>Inachides</span> <span class='ocrx_word' id='word_1_191' title='bbox 477 3070 557 3130; x_wconf 78' lang='lat' dir='ltr'>magui</span> <span class='ocrx_word' id='word_1_192' title='bbox 567 3068 609 3114; x_wconf 86' lang='lat' dir='ltr'>sub</span> <span class='ocrx_word' id='word_1_193' title='bbox 621 3069 681 3115; x_wconf 71' lang='lat' dir='ltr'>testa</span> <span class='ocrx_word' id='word_1_194' title='bbox 691 3067 812 3130; x_wconf 74' lang='lat' dir='ltr'>Tyrauui5</span> 
     </span>
     <span class='ocr_line' id='line_1_32' title="bbox 239 3143 704 3214; baseline 0.004 -20"><span class='ocrx_word' id='word_1_195' title='bbox 239 3144 272 3199; x_wconf 81' lang='lat' dir='ltr'>Et</span> <span class='ocrx_word' id='word_1_196' title='bbox 283 3147 349 3197; x_wconf 82' lang='lat' dir='ltr'>socer</span> <span class='ocrx_word' id='word_1_197' title='bbox 356 3159 457 3200; x_wconf 77' lang='lat' dir='ltr'>armatae</span> <span class='ocrx_word' id='word_1_198' title='bbox 468 3147 554 3214; x_wconf 77' lang='lat' dir='ltr'>accipit</span> <span class='ocrx_word' id='word_1_199' title='bbox 562 3143 613 3194; x_wconf 79' lang='lat' dir='ltr'>aede</span> <span class='ocrx_word' id='word_1_200' title='bbox 623 3160 704 3197; x_wconf 80' lang='lat' dir='ltr'>nurus.</span> 
     </span>
    </p>
   </div>
   <div class='ocr_carea' id='block_1_7' title="bbox 0 0 1188 3992">
    <p class='ocr_par' dir='ltr' id='par_1_8' title="bbox 0 0 1188 3992">
     <span class='ocr_line' id='line_1_33' title="bbox 0 0 1188 3992; baseline 0 2"><span class='ocrx_word' id='word_1_201' title='bbox 0 0 1188 3992; x_wconf 95' lang='lat' dir='ltr'> </span> 
     </span>
    </p>
   </div>
  </div>
 </body>
</html>
