2367 3992
265 496 333 565 „2
475 471 792 546 Uzrssus

295 595 328 646 Et
337 596 483 663 quicumque
498 599 533 646 rui
543 598 612 646 causa
628 600 722 648 timoris
732 614 792 648 erar.

262 673 333 725 Evasi
346 676 371 723 δι
396 676 527 733 lhracum,
540 676 602 724 caeso
613 673 692 733 duce,
703 677 789 741 proelia
797 711 810 738 ,
819 678 914 730 Rhesos

295 753 323 803 ln
337 769 390 803 mea
405 757 504 819 captivis
519 754 592 803 castra
606 758 709 803 revebius
723 758 801 820 equis.

263 832 341 881 Tutus
354 836 394 889 &‚
410 849 423 880 e
438 829 518 880 media
532 832 641 896 Phrygia
654 831 790 882 Tritonidis
805 850 859 884 arce
867 869 879 895 ,

215 920 247 955 ao
297 910 383 961 Far-ilis
393 910 478 976 pulmae
489 912 588 976 pignora
596 924 666 973 capta
677 909 731 958 tuli.

263 988 314 1039 Nec
326 994 395 1037 tiznui
409 986 547 1036 commissus
559 1004 635 1051 equo;
648 986 710 1035 male*
721 985 803 1037 sedula
812 990 922 1055 quamvis

294 1064 423 1116 Clamabat
432 1079 517 1122 vates,
533 1064 619 1122 Uritc‚
633 1065 724 1124 Tro'e's,
737 1083 836 1131 equum.

262 1143 330 1193 Urite
342 1163 349 1192 ε
361 1141 471 1192 mendaci
484 1143 590 1191 celantur
607 1145 692 1192 robore
710 1147 811 1193 Achivis

295 1222 326 1270 Et
343 1223 445 1286 Phrygas
456 1224 480 1269 in
492 1222 590 1269 miseros
602 1219 758 1270 ultimabella
769 1221 858 1270 serunt.

214 1304 242 1350 ²5
262 1297 400 1350 Perdiderat
414 1299 501 1347 tumuli
513 1299 649 1362 supremum
660 1315 746 1348 munus
761 1294 884 1362 Achilles,

295 1375 342 1428 Sed
355 1375 453 1426 Thetidi
465 1377 497 1425 est
510 1378 615 1425 humeris
624 1375 730 1426 redditus
739 1375 781 1424 ille
789 1380 859 1425 meis.

262 1455 314 1507 Nec
331 1454 426 1504 laudern
441 1455 522 1502 Danai
532 1469 599 1503 tanto
609 1454 706 1502 renuere
719 1453 813 1504 labori:

294 1533 375 1597 Erepti
388 1536 490 1596 pretium
502 1536 608 1596 corporis
618 1547 683 1580 arma
697 1531 751 1580 tuli.

203 1617 210 1628 ⁴
263 1608 328 1671 Quid
345 1611 431 1657 refert?
447 1609 533 1672 pelago
546 1611 599 1656 sunt
614 1610 769 1658 obrutarnou
784 1610 845 1658 mihi
856 1605 959 1668 εΙιίΓιιε,Ι

216 1698 246 1748 3⁰
295 1687 354 1739 Nou
369 1688 427 1736 socii
439 1688 654 1751 superanttonrnia
665 1701 752 1752 pontus
760 1689 841 1736 habet.

263 1765 332 1819 Solus
343 1763 421 1815 adhuc
432 1782 526 1814 mecum
538 1800 545 1823 ‚
557 1768 598 1830 qui
609 1783 647 1815 me
659 1780 696 1815 tot
704 1767 796 1814 casibus
808 1781 871 1816 uuus

296 1846 413 1903 Duravit,
427 1847 517 1909 patiens
527 1843 555 1893 ad
569 1844 632 1892 mala
643 1845 727 1908 perstat
738 1845 824 1893 Amor.

263 1916 335 1973 lllun'r
347 1941 396 1973 non
408 1921 482 1971 avidis
498 1923 593 1971 canibus
608 1921 689 1970 Niseia
700 1925 768 1987 virgo

297 2004 391 2068 fregit:
403 2018 453 2051 non
465 1999 563 2050 tumidis
581 2016 643 2050 torta
658 1999 794 2064 Charybdis
805 2003 891 2068 aquis:

217 2085 244 2132 ³5
264 2080 322 2150 Non
338 2081 399 2129 ferus
415 2081 569 2144 Antiphates,
581 2096 624 2128 nec
641 2083 667 2127 in
682 2095 731 2128 uno
742 2095 843 2143 corpore
854 2075 939 2129 dissors

270 2151 458 2222 “Parthenope,
480 2156 574 2206 blandis
588 2155 701 2206 insidiosa
715 2155 806 2206 modis.

263 2235 320 2284 Non
332 2235 397 2300 quod
407 2236 545 2286 Colchiacis
556 2235 628 2285 Circe
637 2230 764 2285 tentaverit
775 2237 874 2297 herbis,

294 2313 353 2362 Non
371 2311 438 2377 quod
449 2313 575 2361 sollemnes
587 2314 661 2363 altera
669 2313 732 2363 Diva
743 2328 819 2363 toros.

262 2391 370 2457 Utraque
381 2392 403 2438 se
416 2391 484 2438 nobis
499 2390 611 2438 mortalia
623 2389 718 2440 demere
730 2390 770 2440 fila

213 2475 246 2520 40
295 2467 432 2535 Spondcbat
446 2488 452 2516 s
466 2470 557 2533 Stygias
567 2484 666 2534 utraque
679 2467 744 2533 polle
754 2471 815 2519 vias.

263 2549 299 2599 Te
310 2564 390 2597 tamen
401 2582 408 2605 ‚
421 2549 464 2596 hac
475 2550 547 2595 etiam
559 2548 635 2611 spreti
646 2545 771 2608 mercede,
782 2549 860 2613 petivi
866 2583 876 2612 ,

295 2623 402 2674 Passurus
420 2624 482 2673 terri
493 2640 530 2673 rot
542 2625 621 2684 mala,
634 2640 716 2690 totque
727 2629 797 2674 mari.

262 2701 309 2752 Sed
322 2718 365 2762 tu,
379 2703 483 2752 femineo
498 2719 560 2751 nunc
572 2703 652 2751 forsan
666 2707 765 2753 nomine
776 2707 855 2766 rasta,

296 2780 353 2829 Non
363 2783 441 2828 secura
451 2780 513 2843 leges
526 2796 602 2829 cerera
612 2783 683 2829 verba
693 2799 755 2830 mea.

211 2866 243 2916 45
264 2857 369 2922 Quaeque
380 2861 439 2906 mihi
448 2858 536 2916 Circe,
551 2875 603 2924 quae
612 2862 642 2907 sit
652 2861 786 2910 mihicausa
797 2860 924 2928 Calypso,
947 2882 951 2888 ·

295 2932 441 2983 iamdudum
454 2940 538 2999 ignoto
553 2937 670 2985 solie-itere
681 2953 755 2987 metu.
813 2959 818 2967 ·

215 3004 288 3060 Certd
299 3029 343 3075 ego
354 3012 409 3060 cum
422 3016 569 3072 Antinoum,
581 3014 732 3080 Polybumq3
745 3014 891 3087 Medontaq5
902 3012 964 3087 legi3⁴

297 3091 349 3139 Heu
361 3090 368 3138 l
382 3105 434 3139 roto
445 3093 536 3154 sanguis
548 3109 647 3155 corpore
658 3092 736 3141 nullus
747 3108 805 3142 erar.

265 3170 315 3224 Tor
324 3173 420 3237 juvenes
432 3173 511 3231 inser,
526 3185 565 3220 tot
574 3174 630 3221 vina
642 3171 754 3233 licentia,
766 3172 863 3237 semper
