2367 3992
311 492 439 563 lauru
465 494 516 562 II.
540 489 709 563 Euroia
729 497 826 567 XIX.
868 523 930 593 ¹75

211 613 335 683 Quodque
351 633 431 666 tenens
442 616 546 666 striuum
558 616 626 668 Dido
636 619 778 669 miserabilis
792 623 871 672 ensem
954 631 981 678 25

246 695 334 755 Dicat,
350 699 375 745 &
387 695 472 745 AEoliae
486 697 567 746 Lesbis
577 700 655 747 amica
665 698 731 761 lyrae.

212 773 297 836 Quim
309 775 371 825 celer
387 794 399 824 e
410 791 464 826 toto
473 774 545 826 rediit
553 794 620 826 meus
631 778 689 827 orbe
701 781 818 842 Sabinus,

246 855 384 921 Scriptaque
396 853 493 906 diversis
504 856 586 906 retulit
597 858 646 922 ipse
657 856 729 907 locis!

210 930 325 983 Candida
336 934 453 1000 Penelope
463 938 557 1001 signum
568 938 685 1001 cognovit
695 936 788 1000 Ulyssis
799 953 807 986 a

245 1012 315 1078 Legit
334 1015 363 1062 ab
376 1014 516 1081 Hyppolyto
528 1017 614 1080 scripta
625 1031 728 1065 noverca
738 1017 791 1066 suo.
955 1023 984 1068 30

210 1089 264 1139 Jam
283 1094 337 1156 pius
349 1092 434 1141 AEneas
447 1095 536 1143 milerae
556 1095 674 1158 rescripsit
687 1088 780 1143 Elillaes

245 1169 366 1236 Quodque
385 1171 449 1236 legat
461 1171 571 1233 Phyllis,
587 1174 607 1218 si
619 1169 695 1220 modo
706 1175 784 1232 vivit,
796 1173 877 1224 habet.

210 1247 294 1298 Tristis
304 1248 337 1298 ad
354 1249 503 1316 Hypsipylen
514 1250 543 1297 ab
554 1250 637 1298 Iasone
647 1249 717 1299 litera
725 1255 807 1301 venit:

242 1328 292 1380 Det
307 1345 394 1381 votam
406 1318 499 1379 Phoebo
513 1329 595 1378 Lesbis
610 1341 689 1378 amata
700 1328 787 1392 lyram.

207 1403 261 1455 Nec
275 1404 336 1463 eibi,
355 1402 404 1470 qua
416 1418 496 1454 tutum
506 1409 576 1466 vati,'
588 1407 672 1456 Macer
679 1441 688 1468 ,
703 1424 770 1458 arma
779 1410 889 1472 canenti,
952 1415 977 1460 ³5

242 1483 333 1533 Aureus
350 1486 375 1531 in
386 1482 468 1534 medio
485 1485 565 1535 Marte
580 1501 671 1536 tacetur
681 1488 768 1536 Amor.

207 1562 240 1612 Et
259 1563 325 1611 Paris
338 1562 370 1610 est
383 1561 451 1623 illic,
468 1562 613 1614 &adultera
627 1565 710 1614 nobile
723 1570 831 1628 crimeu;

242 1641 273 1690 Et
290 1657 370 1691 comes
384 1644 487 1693 extin&o
499 1641 633 1692 Laodamia
649 1647 712 1693 viro.

207 1721 232 1769 Si
248 1721 308 1768 bene
323 1735 346 1769 te
356 1723 431 1778 novi3
448 1736 498 1768 non
511 1720 574 1769 bella
586 1721 698 1787 libentius
709 1723 758 1772 illis

239 1797 308 1848 Dicis
319 1817 326 1847 z
339 1801 364 1848 &
377 1799 481 1849 avestris
491 1801 518 1846 in
528 1815 582 1847 mea
592 1799 666 1851 castra
676 1798 749 1849 redis.

228 1928 912 2006 «ψῃ»

360 2057 779 2130 ELEGIA-XIX.

210 2152 265 2272 Sr
278 2222 323 2274 tibi
334 2239 384 2272 non
396 2237 457 2287 opus
467 2222 500 2272 est
508 2221 615 2284 servata,
629 2224 714 2284 stulte,
725 2223 825 2290 puelli;

238 2300 270 2350 At
280 2303 342 2350 mihi
355 2300 393 2351 fac
405 2302 497 2362 serves,
508 2319 558 2368 quo
567 2307 642 2368 magis
654 2304 794 2368 ipsevelim.

204 2377 280 2438 Quod
288 2379 362 2438 licet,
374 2381 494 2444 ingratum
506 2380 629 2447 estzquod
639 2382 769 2442 nonlicet,
785 2382 861 2433 acrisls
870 2383 925 2435 urit'.

238 2459 257 2506 F
257 2473 334 2507 erreus
347 2458 379 2507 est
387 2495 395 2519 ‚
404 2461 423 2508 si
431 2461 483 2526 quis
493 2495 500 2519 ‚
512 2458 580 2527 quod
589 2462 646 2508 sinit
660 2459 736 2521 alter,
753 2476 827 2511 amat.

204 2538 329 2602 Speremus
341 2540 443 2602 pariter,
457 2542 545 2602 pariter
555 2553 691 2587 metuamus
702 2554 807 2588 amantes
819 2557 827 2598 3
945 2549 955 2594 5

235 2615 267 2666 Et
278 2615 350 2665 faciat
358 2633 416 2669 voto
426 2612 476 2665 r'ara
486 2616 578 2681 repulsa
587 2615 679 2666 locum.

205 2694 261 2757 Quo
275 2696 335 2743 mihi
347 2694 485 2753 fortunam,
505 2712 556 2760 quae
568 2711 701 2760 numquam
713 2695 795 2743 fallere
810 2703 891 2748 curet?

236 2773 279 2822 Nil
299 2789 361 2838 ego,
380 2770 447 2839 quod
461 2772 529 2821 nullo
548 2788 655 2838 tempore
667 2771 751 2828 laedat,
763 2769 829 2824 amo.⁴

202 2849 304 2902 Viderat
321 2853 367 2900 hoc
378 2854 403 2900 in
415 2869 453 2900 me
464 2853 551 2902 vitium
562 2854 655 2901 versuta
666 2852 774 2903 Corinna
784 2871 792 2914 ς

235 2929 339 2996 Quaque
350 2933 401 2994 capi
412 2929 520 2995 pulsem,
533 2929 619 2981 callida
631 2948 701 2982 norat
715 2951 796 3000 opem.
944 2944 973 2978 ¹0

202 3009 256 3059 Ah!
270 3012 380 3076 quoties,
398 3011 445 3058 sani
457 3014 539 3076 capitis
552 3015 654 3062 mentita
665 3010 780 3075 dolores,

236 3087 396 3138 Cunstautcm
411 3086 478 3137 tardo
489 3093 556 3154 jussit
568 3091 631 3140 abire
640 3090 715 3157 pede!

202 3166 256 3219 Ah!
273 3169 367 3236 quoties
380 3165 449 3218 finxit
460 3167 555 3236 culpam
561 3203 572 3236 ,
585 3184 749 3238 quantumque
761 3170 865 3232 libebat,
901 3214 904 3218 r

756 3249 780 3299 H
796 3250 821 3299 iv
