<?xml version="1.0" encoding="UTF-8"?>
<!DOCTYPE html PUBLIC "-//W3C//DTD XHTML 1.0 Transitional//EN"
    "http://www.w3.org/TR/xhtml1/DTD/xhtml1-transitional.dtd">
<html xmlns="http://www.w3.org/1999/xhtml" xml:lang="en" lang="en">
 <head>
  <title>
</title>
<meta http-equiv="Content-Type" content="text/html;charset=utf-8" />
  <meta name='ocr-system' content='tesseract 3.04.00' />
  <meta name='ocr-capabilities' content='ocr_page ocr_carea ocr_par ocr_line ocrx_word'/>
</head>
<body>
  <div class='ocr_page' id='page_1' title='image "./povidiinasoniso03ovidgoog_0220.png"; bbox 0 0 2367 3992; ppageno 0'>
   <div class='ocr_carea' id='block_1_1' title="bbox 356 595 989 675">
    <p class='ocr_par' dir='ltr' id='par_1_1' title="bbox 356 595 989 675">
     <span class='ocr_line' id='line_1_1' title="bbox 356 595 989 675; baseline -0.011 0"><span class='ocrx_word' id='word_1_1' title='bbox 356 630 423 675; x_wconf 62' lang='grc' dir='ltr'>ιον.</span> <span class='ocrx_word' id='word_1_2' title='bbox 481 603 687 671; x_wconf 75' lang='lat' dir='ltr'>Ournrr</span> <span class='ocrx_word' id='word_1_3' title='bbox 717 595 989 668; x_wconf 77' lang='lat' dir='ltr'>Aunnusr-</span> 
     </span>
    </p>
   </div>
   <div class='ocr_carea' id='block_1_2' title="bbox 286 721 976 1015">
    <p class='ocr_par' dir='ltr' id='par_1_2' title="bbox 286 721 976 1015">
     <span class='ocr_line' id='line_1_2' title="bbox 286 721 945 779; baseline -0.008 -4"><span class='ocrx_word' id='word_1_4' title='bbox 286 763 292 775; x_wconf 72' lang='grc'>,</span> <span class='ocrx_word' id='word_1_5' title='bbox 352 729 409 779; x_wconf 85' lang='lat' dir='ltr'>Exit</span> <span class='ocrx_word' id='word_1_6' title='bbox 421 731 446 777; x_wconf 92' lang='lat' dir='ltr'>in</span> <span class='ocrx_word' id='word_1_7' title='bbox 459 727 607 776; x_wconf 85' lang='lat' dir='ltr'>immensum</span> <span class='ocrx_word' id='word_1_8' title='bbox 621 721 725 773; x_wconf 83' lang='lat' dir='ltr'>fecunda</span> <span class='ocrx_word' id='word_1_9' title='bbox 739 722 945 774; x_wconf 80' lang='lat' dir='ltr'>licentiavaturn:</span> 
     </span>
     <span class='ocr_line' id='line_1_3' title="bbox 387 799 890 872; baseline -0.012 -16"><span class='ocrx_word' id='word_1_10' title='bbox 387 807 487 872; x_wconf 81' lang='lat' dir='ltr'>Obligat</span> <span class='ocrx_word' id='word_1_11' title='bbox 502 803 615 854; x_wconf 74' lang='lat' dir='ltr'>historici</span> <span class='ocrx_word' id='word_1_12' title='bbox 628 819 672 853; x_wconf 85' lang='lat' dir='ltr'>nec</span> <span class='ocrx_word' id='word_1_13' title='bbox 689 803 730 853; x_wconf 78' lang='lat' dir='ltr'>fua</span> <span class='ocrx_word' id='word_1_14' title='bbox 745 803 818 852; x_wconf 84' lang='lat' dir='ltr'>verba</span> <span class='ocrx_word' id='word_1_15' title='bbox 832 799 890 851; x_wconf 79' lang='lat' dir='ltr'>ilde.</span> 
     </span>
     <span class='ocr_line' id='line_1_4' title="bbox 354 878 857 936; baseline -0.014 0"><span class='ocrx_word' id='word_1_16' title='bbox 354 886 385 936; x_wconf 84' lang='lat' dir='ltr'>Et</span> <span class='ocrx_word' id='word_1_17' title='bbox 401 903 456 935; x_wconf 86' lang='lat' dir='ltr'>mea</span> <span class='ocrx_word' id='word_1_18' title='bbox 472 883 586 934; x_wconf 82' lang='lat' dir='ltr'>debuerat</span> <span class='ocrx_word' id='word_1_19' title='bbox 596 881 658 931; x_wconf 75' lang='lat' dir='ltr'>falsu</span> <span class='ocrx_word' id='word_1_20' title='bbox 669 879 765 931; x_wconf 81' lang='lat' dir='ltr'>laudata</span> <span class='ocrx_word' id='word_1_21' title='bbox 778 878 857 931; x_wconf 85' lang='lat' dir='ltr'>videri</span> 
     </span>
     <span class='ocr_line' id='line_1_5' title="bbox 385 958 976 1015; baseline -0.01 1"><span class='ocrx_word' id='word_1_22' title='bbox 385 966 486 1015; x_wconf 78' lang='lat' dir='ltr'>femina</span> <span class='ocrx_word' id='word_1_23' title='bbox 496 981 503 1012; x_wconf 76' lang='lat' dir='ltr'><strong><em>z</em></strong></span> <span class='ocrx_word' id='word_1_24' title='bbox 515 959 644 1012; x_wconf 76' lang='lat' dir='ltr'>credulitas</span> <span class='ocrx_word' id='word_1_25' title='bbox 656 977 720 1011; x_wconf 92' lang='lat' dir='ltr'>nunc</span> <span class='ocrx_word' id='word_1_26' title='bbox 731 962 794 1011; x_wconf 90' lang='lat' dir='ltr'>mihi</span> <span class='ocrx_word' id='word_1_27' title='bbox 803 958 880 1010; x_wconf 83' lang='lat' dir='ltr'>vestra</span> <span class='ocrx_word' id='word_1_28' title='bbox 892 972 976 1010; x_wconf 85' lang='lat' dir='ltr'>nocet.</span> 
     </span>
    </p>
   </div>
   <div class='ocr_carea' id='block_1_3' title="bbox 371 1078 1048 1153">
    <p class='ocr_par' dir='ltr' id='par_1_3' title="bbox 371 1078 1048 1153">
     <span class='ocr_line' id='line_1_6' title="bbox 371 1078 1048 1153; baseline 0.006 -3"><span class='ocrx_word' id='word_1_29' title='bbox 371 1078 1048 1153; x_wconf 46' lang='lat' dir='ltr'>c-*-*&amp;W&amp;====³</span> 
     </span>
    </p>
   </div>
   <div class='ocr_carea' id='block_1_4' title="bbox 494 1224 936 1291">
    <p class='ocr_par' dir='ltr' id='par_1_4' title="bbox 494 1224 936 1291">
     <span class='ocr_line' id='line_1_7' title="bbox 494 1224 936 1291; baseline -0.009 -1"><span class='ocrx_word' id='word_1_30' title='bbox 494 1224 750 1291; x_wconf 83' lang='lat' dir='ltr'>ELEGIA</span> <span class='ocrx_word' id='word_1_31' title='bbox 790 1224 936 1286; x_wconf 88' lang='lat' dir='ltr'><strong>XIII.</strong></span> 
     </span>
    </p>
   </div>
   <div class='ocr_carea' id='block_1_5' title="bbox 302 1321 1058 3260">
    <p class='ocr_par' dir='ltr' id='par_1_5' title="bbox 302 1321 1058 3260">
     <span class='ocr_line' id='line_1_8' title="bbox 356 1321 1058 1458; baseline -0.014 -14"><span class='ocrx_word' id='word_1_32' title='bbox 356 1321 472 1450; x_wconf 78' lang='lat' dir='ltr'>C&#39;usr</span> <span class='ocrx_word' id='word_1_33' title='bbox 485 1394 547 1442; x_wconf 87' lang='lat' dir='ltr'>mihi</span> <span class='ocrx_word' id='word_1_34' title='bbox 560 1391 684 1458; x_wconf 74' lang='lat' dir='ltr'>pomiferis</span> <span class='ocrx_word' id='word_1_35' title='bbox 693 1391 781 1457; x_wconf 86' lang='lat' dir='ltr'>conjux</span> <span class='ocrx_word' id='word_1_36' title='bbox 791 1389 856 1439; x_wconf 84' lang='lat' dir='ltr'>foret</span> <span class='ocrx_word' id='word_1_37' title='bbox 865 1402 919 1437; x_wconf 88' lang='lat' dir='ltr'>orta</span> <span class='ocrx_word' id='word_1_38' title='bbox 928 1384 1058 1445; x_wconf 68' lang='lat' dir='ltr'>Plraliscise</span> 
     </span>
     <span class='ocr_line' id='line_1_9' title="bbox 386 1466 928 1536; baseline -0.015 -14"><span class='ocrx_word' id='word_1_39' title='bbox 386 1473 481 1522; x_wconf 81' lang='lat' dir='ltr'>Moenia</span> <span class='ocrx_word' id='word_1_40' title='bbox 490 1473 637 1536; x_wconf 84' lang='lat' dir='ltr'>contigimus</span> <span class='ocrx_word' id='word_1_41' title='bbox 647 1472 722 1529; x_wconf 71' lang='lat' dir='ltr'>vius,</span> <span class='ocrx_word' id='word_1_42' title='bbox 740 1467 862 1526; x_wconf 76' lang='lat' dir='ltr'>camille,</span> <span class='ocrx_word' id='word_1_43' title='bbox 873 1466 928 1517; x_wconf 86' lang='lat' dir='ltr'>tibi.</span> 
     </span>
     <span class='ocr_line' id='line_1_10' title="bbox 354 1547 861 1612; baseline -0.014 -10"><span class='ocrx_word' id='word_1_44' title='bbox 354 1550 425 1603; x_wconf 78' lang='lat' dir='ltr'>casta</span> <span class='ocrx_word' id='word_1_45' title='bbox 436 1547 568 1599; x_wconf 82' lang='lat' dir='ltr'>sacerdotes</span> <span class='ocrx_word' id='word_1_46' title='bbox 578 1549 667 1599; x_wconf 88' lang='lat' dir='ltr'>Juuoni</span> <span class='ocrx_word' id='word_1_47' title='bbox 679 1547 735 1596; x_wconf 83' lang='lat' dir='ltr'>festa</span> <span class='ocrx_word' id='word_1_48' title='bbox 746 1547 861 1612; x_wconf 88' lang='lat' dir='ltr'>parabant</span> 
     </span>
     <span class='ocr_line' id='line_1_11' title="bbox 386 1623 943 1692; baseline -0.009 -15"><span class='ocrx_word' id='word_1_49' title='bbox 386 1630 430 1677; x_wconf 91' lang='lat' dir='ltr'>Per</span> <span class='ocrx_word' id='word_1_50' title='bbox 440 1627 544 1677; x_wconf 81' lang='lat' dir='ltr'>celebres</span> <span class='ocrx_word' id='word_1_51' title='bbox 554 1624 640 1686; x_wconf 90' lang='lat' dir='ltr'>ludos,</span> <span class='ocrx_word' id='word_1_52' title='bbox 652 1623 837 1692; x_wconf 83' lang='lat' dir='ltr'>indigenamque</span> <span class='ocrx_word' id='word_1_53' title='bbox 846 1626 943 1674; x_wconf 82' lang='lat' dir='ltr'>bovem.</span> 
     </span>
     <span class='ocr_line' id='line_1_12' title="bbox 321 1702 1040 1775; baseline -0.008 -19"><span class='ocrx_word' id='word_1_54' title='bbox 321 1726 336 1775; x_wconf 72' lang='lat'><em>5</em></span> <span class='ocrx_word' id='word_1_55' title='bbox 353 1704 449 1756; x_wconf 82' lang='lat' dir='ltr'>Grande</span> <span class='ocrx_word' id='word_1_56' title='bbox 459 1721 534 1753; x_wconf 80' lang='lat' dir='ltr'>rnorae</span> <span class='ocrx_word' id='word_1_57' title='bbox 543 1706 666 1769; x_wconf 85' lang='lat' dir='ltr'>pretium,</span> <span class='ocrx_word' id='word_1_58' title='bbox 681 1706 740 1753; x_wconf 84' lang='lat' dir='ltr'>ritus</span> <span class='ocrx_word' id='word_1_59' title='bbox 753 1704 910 1771; x_wconf 80' lang='lat' dir='ltr'>cognoscere:</span> <span class='ocrx_word' id='word_1_60' title='bbox 926 1702 1040 1767; x_wconf 83' lang='lat' dir='ltr'>quamvis</span> 
     </span>
     <span class='ocr_line' id='line_1_13' title="bbox 385 1781 850 1847; baseline -0.004 -16"><span class='ocrx_word' id='word_1_61' title='bbox 385 1781 498 1831; x_wconf 85' lang='lat' dir='ltr'>Difficilis</span> <span class='ocrx_word' id='word_1_62' title='bbox 511 1781 578 1833; x_wconf 83' lang='lat' dir='ltr'>clivis</span> <span class='ocrx_word' id='word_1_63' title='bbox 591 1784 638 1831; x_wconf 89' lang='lat' dir='ltr'>huc</span> <span class='ocrx_word' id='word_1_64' title='bbox 649 1784 689 1831; x_wconf 77' lang='lat' dir='ltr'>via</span> <span class='ocrx_word' id='word_1_65' title='bbox 698 1782 786 1847; x_wconf 84' lang='lat' dir='ltr'>praebet</span> <span class='ocrx_word' id='word_1_66' title='bbox 796 1785 850 1832; x_wconf 88' lang='lat' dir='ltr'>iter.</span> 
     </span>
     <span class='ocr_line' id='line_1_14' title="bbox 352 1859 993 1926; baseline 0.002 -15"><span class='ocrx_word' id='word_1_67' title='bbox 352 1862 403 1911; x_wconf 84' lang='lat' dir='ltr'>Stat</span> <span class='ocrx_word' id='word_1_68' title='bbox 412 1875 495 1921; x_wconf 82' lang='lat' dir='ltr'>vetus,</span> <span class='ocrx_word' id='word_1_69' title='bbox 511 1863 535 1909; x_wconf 91' lang='lat'>&amp;</span> <span class='ocrx_word' id='word_1_70' title='bbox 548 1859 623 1911; x_wconf 74' lang='lat' dir='ltr'>densi</span> <span class='ocrx_word' id='word_1_71' title='bbox 632 1860 777 1926; x_wconf 79' lang='lat' dir='ltr'>praenubilus</span> <span class='ocrx_word' id='word_1_72' title='bbox 789 1861 892 1922; x_wconf 87' lang='lat' dir='ltr'>arbore,</span> <span class='ocrx_word' id='word_1_73' title='bbox 906 1861 993 1912; x_wconf 81' lang='lat' dir='ltr'>lucuse</span> 
     </span>
     <span class='ocr_line' id='line_1_15' title="bbox 384 1936 882 2006; baseline 0.002 -17"><span class='ocrx_word' id='word_1_74' title='bbox 384 1941 483 2006; x_wconf 82' lang='lat' dir='ltr'>Aspice,</span> <span class='ocrx_word' id='word_1_75' title='bbox 501 1937 620 1989; x_wconf 84' lang='lat' dir='ltr'>concedas</span> <span class='ocrx_word' id='word_1_76' title='bbox 630 1956 720 1989; x_wconf 89' lang='lat' dir='ltr'>nurneu</span> <span class='ocrx_word' id='word_1_77' title='bbox 731 1936 804 1989; x_wconf 84' lang='lat' dir='ltr'>ineffe</span> <span class='ocrx_word' id='word_1_78' title='bbox 817 1939 882 1990; x_wconf 86' lang='lat' dir='ltr'>loco.</span> 
     </span>
     <span class='ocr_line' id='line_1_16' title="bbox 352 2017 933 2084; baseline 0.003 -17"><span class='ocrx_word' id='word_1_79' title='bbox 352 2017 447 2083; x_wconf 80' lang='lat' dir='ltr'>Accipit</span> <span class='ocrx_word' id='word_1_80' title='bbox 460 2034 499 2068; x_wconf 83' lang='lat' dir='ltr'>ara</span> <span class='ocrx_word' id='word_1_81' title='bbox 509 2034 607 2084; x_wconf 82' lang='lat' dir='ltr'>preces,</span> <span class='ocrx_word' id='word_1_82' title='bbox 618 2022 746 2084; x_wconf 84' lang='lat' dir='ltr'>votivaque</span> <span class='ocrx_word' id='word_1_83' title='bbox 758 2033 810 2068; x_wconf 89' lang='lat' dir='ltr'>tura</span> <span class='ocrx_word' id='word_1_84' title='bbox 819 2021 933 2084; x_wconf 49' lang='lat' dir='ltr'>plurumi</span> 
     </span>
     <span class='ocr_line' id='line_1_17' title="bbox 307 2097 919 2164; baseline 0.008 -22"><span class='ocrx_word' id='word_1_85' title='bbox 307 2109 336 2143; x_wconf 76' lang='grc' dir='ltr'>ιο</span> <span class='ocrx_word' id='word_1_86' title='bbox 384 2098 431 2147; x_wconf 75' lang='lat' dir='ltr'>Ara</span> <span class='ocrx_word' id='word_1_87' title='bbox 447 2115 488 2162; x_wconf 88' lang='lat' dir='ltr'>per</span> <span class='ocrx_word' id='word_1_88' title='bbox 503 2101 613 2164; x_wconf 87' lang='lat' dir='ltr'>antiquas</span> <span class='ocrx_word' id='word_1_89' title='bbox 625 2097 685 2146; x_wconf 70' lang='lat' dir='ltr'>facia</span> <span class='ocrx_word' id='word_1_90' title='bbox 699 2100 748 2146; x_wconf 90' lang='lat' dir='ltr'>sine</span> <span class='ocrx_word' id='word_1_91' title='bbox 760 2112 810 2146; x_wconf 87' lang='lat' dir='ltr'>arte</span> <span class='ocrx_word' id='word_1_92' title='bbox 824 2113 919 2148; x_wconf 81' lang='lat' dir='ltr'>manus.</span> 
     </span>
     <span class='ocr_line' id='line_1_18' title="bbox 351 2174 915 2242; baseline 0.004 -19"><span class='ocrx_word' id='word_1_93' title='bbox 351 2174 414 2224; x_wconf 91' lang='lat' dir='ltr'>Hinc</span> <span class='ocrx_word' id='word_1_94' title='bbox 424 2209 432 2228; x_wconf 87' lang='lat'>,</span> <span class='ocrx_word' id='word_1_95' title='bbox 450 2176 491 2224; x_wconf 88' lang='lat' dir='ltr'>ubi</span> <span class='ocrx_word' id='word_1_96' title='bbox 501 2178 630 2242; x_wconf 77' lang='lat' dir='ltr'>prasonuit</span> <span class='ocrx_word' id='word_1_97' title='bbox 640 2176 742 2226; x_wconf 88' lang='lat' dir='ltr'>solemni</span> <span class='ocrx_word' id='word_1_98' title='bbox 752 2178 811 2225; x_wconf 85' lang='lat' dir='ltr'>tibia</span> <span class='ocrx_word' id='word_1_99' title='bbox 822 2191 894 2225; x_wconf 89' lang='lat' dir='ltr'>cantu</span> <span class='ocrx_word' id='word_1_100' title='bbox 904 2211 915 2237; x_wconf 86' lang='lat'><strong><em>,</em></strong></span> 
     </span>
     <span class='ocr_line' id='line_1_19' title="bbox 384 2253 843 2320; baseline 0.007 -20"><span class='ocrx_word' id='word_1_101' title='bbox 384 2253 407 2301; x_wconf 90' lang='lat' dir='ltr'>It</span> <span class='ocrx_word' id='word_1_102' title='bbox 424 2269 465 2317; x_wconf 90' lang='lat' dir='ltr'>per</span> <span class='ocrx_word' id='word_1_103' title='bbox 478 2253 568 2304; x_wconf 84' lang='lat' dir='ltr'>velatas</span> <span class='ocrx_word' id='word_1_104' title='bbox 584 2271 662 2304; x_wconf 83' lang='lat' dir='ltr'>annua</span> <span class='ocrx_word' id='word_1_105' title='bbox 677 2270 768 2320; x_wconf 86' lang='lat' dir='ltr'>pompa</span> <span class='ocrx_word' id='word_1_106' title='bbox 784 2257 843 2318; x_wconf 69' lang='lat' dir='ltr'>uias.</span> 
     </span>
     <span class='ocr_line' id='line_1_20' title="bbox 350 2328 991 2399; baseline 0.011 -21"><span class='ocrx_word' id='word_1_107' title='bbox 350 2328 480 2381; x_wconf 84' lang='lat' dir='ltr'>Ducuntur</span> <span class='ocrx_word' id='word_1_108' title='bbox 494 2336 585 2392; x_wconf 72' lang='lat' dir='ltr'>niveae,</span> <span class='ocrx_word' id='word_1_109' title='bbox 599 2334 690 2399; x_wconf 92' lang='lat' dir='ltr'>populo</span> <span class='ocrx_word' id='word_1_110' title='bbox 701 2332 846 2399; x_wconf 77' lang='lat' dir='ltr'>plaudente,</span> <span class='ocrx_word' id='word_1_111' title='bbox 859 2337 968 2398; x_wconf 69' lang='lat' dir='ltr'>juvence</span> <span class='ocrx_word' id='word_1_112' title='bbox 977 2369 991 2395; x_wconf 84' lang='lat'>,</span> 
     </span>
     <span class='ocr_line' id='line_1_21' title="bbox 384 2408 900 2476; baseline 0.01 -20"><span class='ocrx_word' id='word_1_113' title='bbox 384 2408 448 2468; x_wconf 87' lang='lat' dir='ltr'>Quas</span> <span class='ocrx_word' id='word_1_114' title='bbox 459 2409 520 2459; x_wconf 86' lang='lat' dir='ltr'>aluit</span> <span class='ocrx_word' id='word_1_115' title='bbox 532 2414 623 2476; x_wconf 84' lang='lat' dir='ltr'>campis</span> <span class='ocrx_word' id='word_1_116' title='bbox 635 2413 707 2460; x_wconf 89' lang='lat' dir='ltr'>herba</span> <span class='ocrx_word' id='word_1_117' title='bbox 719 2410 826 2461; x_wconf 85' lang='lat' dir='ltr'>Phalisca</span> <span class='ocrx_word' id='word_1_118' title='bbox 835 2412 900 2470; x_wconf 79' lang='lat' dir='ltr'>suis3</span> 
     </span>
     <span class='ocr_line' id='line_1_22' title="bbox 305 2486 1004 2555; baseline 0 -16"><span class='ocrx_word' id='word_1_119' title='bbox 305 2492 331 2539; x_wconf 79' lang='lat'>¹5</span> <span class='ocrx_word' id='word_1_120' title='bbox 351 2487 382 2537; x_wconf 81' lang='lat' dir='ltr'>Et</span> <span class='ocrx_word' id='word_1_121' title='bbox 392 2487 463 2536; x_wconf 86' lang='lat' dir='ltr'>vituli</span> <span class='ocrx_word' id='word_1_122' title='bbox 476 2522 483 2547; x_wconf 86' lang='lat'>‚</span> <span class='ocrx_word' id='word_1_123' title='bbox 499 2486 611 2537; x_wconf 81' lang='lat' dir='ltr'>nondum</span> <span class='ocrx_word' id='word_1_124' title='bbox 621 2487 750 2539; x_wconf 79' lang='lat' dir='ltr'>metuendi</span> <span class='ocrx_word' id='word_1_125' title='bbox 762 2488 849 2540; x_wconf 77' lang='lat' dir='ltr'>fronte·</span> <span class='ocrx_word' id='word_1_126' title='bbox 858 2492 985 2555; x_wconf 84' lang='lat' dir='ltr'>minaces,</span> <span class='ocrx_word' id='word_1_127' title='bbox 1000 2516 1004 2521; x_wconf 95' lang='lat'><em>-</em></span> 
     </span>
     <span class='ocr_line' id='line_1_23' title="bbox 383 2566 933 2633; baseline 0.004 -16"><span class='ocrx_word' id='word_1_128' title='bbox 383 2568 414 2617; x_wconf 88' lang='lat' dir='ltr'>Et</span> <span class='ocrx_word' id='word_1_129' title='bbox 423 2570 502 2617; x_wconf 89' lang='lat' dir='ltr'>minor</span> <span class='ocrx_word' id='word_1_130' title='bbox 514 2584 542 2617; x_wconf 79' lang='lat' dir='ltr'>ex</span> <span class='ocrx_word' id='word_1_131' title='bbox 552 2566 640 2617; x_wconf 88' lang='lat' dir='ltr'>humili</span> <span class='ocrx_word' id='word_1_132' title='bbox 654 2570 751 2618; x_wconf 70' lang='lat' dir='ltr'>victima</span> <span class='ocrx_word' id='word_1_133' title='bbox 761 2585 847 2633; x_wconf 90' lang='lat' dir='ltr'>porcus</span> <span class='ocrx_word' id='word_1_134' title='bbox 859 2569 933 2626; x_wconf 66' lang='lat' dir='ltr'>hard-3</span> 
     </span>
     <span class='ocr_line' id='line_1_24' title="bbox 349 2646 1009 2714; baseline 0.005 -18"><span class='ocrx_word' id='word_1_135' title='bbox 349 2647 453 2714; x_wconf 89' lang='lat' dir='ltr'>Duxque</span> <span class='ocrx_word' id='word_1_136' title='bbox 464 2650 540 2712; x_wconf 76' lang='lat' dir='ltr'>gregis</span> <span class='ocrx_word' id='word_1_137' title='bbox 554 2663 630 2697; x_wconf 89' lang='lat' dir='ltr'>cornu</span> <span class='ocrx_word' id='word_1_138' title='bbox 644 2664 685 2712; x_wconf 87' lang='lat' dir='ltr'>per</span> <span class='ocrx_word' id='word_1_139' title='bbox 697 2663 805 2712; x_wconf 84' lang='lat' dir='ltr'>tempora</span> <span class='ocrx_word' id='word_1_140' title='bbox 816 2646 875 2697; x_wconf 85' lang='lat' dir='ltr'>dura</span> <span class='ocrx_word' id='word_1_141' title='bbox 886 2663 1009 2710; x_wconf 83' lang='lat' dir='ltr'>recurvo,</span> 
     </span>
     <span class='ocr_line' id='line_1_25' title="bbox 382 2725 874 2792; baseline 0.002 -18"><span class='ocrx_word' id='word_1_142' title='bbox 382 2727 459 2775; x_wconf 82' lang='lat' dir='ltr'>Invisa</span> <span class='ocrx_word' id='word_1_143' title='bbox 475 2727 507 2775; x_wconf 91' lang='lat' dir='ltr'>est</span> <span class='ocrx_word' id='word_1_144' title='bbox 521 2725 626 2776; x_wconf 78' lang='lat' dir='ltr'>dominae</span> <span class='ocrx_word' id='word_1_145' title='bbox 637 2727 689 2777; x_wconf 86' lang='lat' dir='ltr'>sola</span> <span class='ocrx_word' id='word_1_146' title='bbox 705 2725 796 2792; x_wconf 82' lang='lat' dir='ltr'>capella</span> <span class='ocrx_word' id='word_1_147' title='bbox 809 2726 874 2776; x_wconf 77' lang='lat' dir='ltr'>Deae.</span> 
     </span>
     <span class='ocr_line' id='line_1_26' title="bbox 350 2803 825 2856; baseline 0.006 -4"><span class='ocrx_word' id='word_1_148' title='bbox 350 2803 416 2853; x_wconf 90' lang='lat' dir='ltr'>Illius</span> <span class='ocrx_word' id='word_1_149' title='bbox 432 2803 524 2855; x_wconf 85' lang='lat' dir='ltr'>indicio</span> <span class='ocrx_word' id='word_1_150' title='bbox 537 2805 602 2856; x_wconf 87' lang='lat' dir='ltr'>silvis</span> <span class='ocrx_word' id='word_1_151' title='bbox 614 2809 706 2856; x_wconf 81' lang='lat' dir='ltr'>intenta</span> <span class='ocrx_word' id='word_1_152' title='bbox 717 2807 759 2853; x_wconf 84' lang='lat' dir='ltr'>sub</span> <span class='ocrx_word' id='word_1_153' title='bbox 771 2806 825 2855; x_wconf 83' lang='lat' dir='ltr'>altis</span> 
     </span>
     <span class='ocr_line' id='line_1_27' title="bbox 302 2879 862 2949; baseline -0.002 -17"><span class='ocrx_word' id='word_1_154' title='bbox 302 2899 333 2932; x_wconf 81' lang='lat'>20</span> <span class='ocrx_word' id='word_1_155' title='bbox 382 2883 478 2932; x_wconf 90' lang='lat' dir='ltr'>Dicitur</span> <span class='ocrx_word' id='word_1_156' title='bbox 492 2887 614 2949; x_wconf 84' lang='lat' dir='ltr'>inceptam</span> <span class='ocrx_word' id='word_1_157' title='bbox 631 2879 760 2933; x_wconf 79' lang='lat' dir='ltr'>destituisse</span> <span class='ocrx_word' id='word_1_158' title='bbox 772 2883 862 2948; x_wconf 84' lang='lat' dir='ltr'>fugam.</span> 
     </span>
     <span class='ocr_line' id='line_1_28' title="bbox 350 2961 1018 3029; baseline 0.01 -20"><span class='ocrx_word' id='word_1_159' title='bbox 350 2961 421 3010; x_wconf 91' lang='lat' dir='ltr'>Nunc</span> <span class='ocrx_word' id='word_1_160' title='bbox 432 2979 528 3029; x_wconf 90' lang='lat' dir='ltr'>quoque</span> <span class='ocrx_word' id='word_1_161' title='bbox 540 2979 582 3028; x_wconf 90' lang='lat' dir='ltr'>per</span> <span class='ocrx_word' id='word_1_162' title='bbox 592 2979 678 3027; x_wconf 88' lang='lat' dir='ltr'>pucros</span> <span class='ocrx_word' id='word_1_163' title='bbox 692 2961 776 3028; x_wconf 85' lang='lat' dir='ltr'>jaculis</span> <span class='ocrx_word' id='word_1_164' title='bbox 786 2964 910 3013; x_wconf 84' lang='lat' dir='ltr'>incessitur</span> <span class='ocrx_word' id='word_1_165' title='bbox 921 2962 1018 3028; x_wconf 74' lang='lat' dir='ltr'>index,¹</span> 
     </span>
     <span class='ocr_line' id='line_1_29' title="bbox 381 3039 897 3105; baseline 0.008 -17"><span class='ocrx_word' id='word_1_166' title='bbox 381 3039 412 3089; x_wconf 85' lang='lat' dir='ltr'>Et</span> <span class='ocrx_word' id='word_1_167' title='bbox 425 3042 529 3104; x_wconf 85' lang='lat' dir='ltr'>pretium</span> <span class='ocrx_word' id='word_1_168' title='bbox 539 3043 629 3089; x_wconf 67' lang='lat' dir='ltr'>audoni</span> <span class='ocrx_word' id='word_1_169' title='bbox 639 3039 742 3090; x_wconf 83' lang='lat' dir='ltr'>vulneris</span> <span class='ocrx_word' id='word_1_170' title='bbox 758 3041 807 3105; x_wconf 85' lang='lat' dir='ltr'>ipsa</span> <span class='ocrx_word' id='word_1_171' title='bbox 818 3039 897 3092; x_wconf 81' lang='lat' dir='ltr'>datur.</span> 
     </span>
     <span class='ocr_line' id='line_1_30' title="bbox 349 3116 999 3193; baseline 0.011 -27"><span class='ocrx_word' id='word_1_172' title='bbox 349 3116 405 3178; x_wconf 74' lang='lat' dir='ltr'>Qui</span> <span class='ocrx_word' id='word_1_173' title='bbox 414 3131 513 3167; x_wconf 82' lang='lat' dir='ltr'>ventura</span> <span class='ocrx_word' id='word_1_174' title='bbox 525 3118 578 3167; x_wconf 84' lang='lat' dir='ltr'>Dea</span> <span class='ocrx_word' id='word_1_175' title='bbox 588 3116 638 3176; x_wconf 86' lang='lat' dir='ltr'>est,</span> <span class='ocrx_word' id='word_1_176' title='bbox 648 3121 746 3183; x_wconf 85' lang='lat' dir='ltr'>juvenes</span> <span class='ocrx_word' id='word_1_177' title='bbox 756 3117 895 3193; x_wconf 78' lang='lat' dir='ltr'>timidaeque</span> <span class='ocrx_word' id='word_1_178' title='bbox 906 3123 999 3188; x_wconf 67' lang='lat' dir='ltr'>putllt</span> 
     </span>
     <span class='ocr_line' id='line_1_31' title="bbox 381 3193 843 3260; baseline 0.009 -16"><span class='ocrx_word' id='word_1_179' title='bbox 381 3196 527 3247; x_wconf 78' lang='lat' dir='ltr'>Praeverrunt</span> <span class='ocrx_word' id='word_1_180' title='bbox 541 3193 600 3247; x_wconf 80' lang='lat' dir='ltr'>latas</span> <span class='ocrx_word' id='word_1_181' title='bbox 610 3193 672 3245; x_wconf 80' lang='lat' dir='ltr'>velie</span> <span class='ocrx_word' id='word_1_182' title='bbox 682 3199 775 3260; x_wconf 82' lang='lat' dir='ltr'>jacente</span> <span class='ocrx_word' id='word_1_183' title='bbox 785 3201 843 3251; x_wconf 87' lang='lat' dir='ltr'>vias.</span> 
     </span>
    </p>
   </div>
   <div class='ocr_carea' id='block_1_6' title="bbox 302 3274 946 3345">
    <p class='ocr_par' dir='ltr' id='par_1_6' title="bbox 302 3274 946 3345">
     <span class='ocr_line' id='line_1_32' title="bbox 302 3274 946 3345; baseline 0.008 -21"><span class='ocrx_word' id='word_1_184' title='bbox 302 3285 333 3334; x_wconf 78' lang='lat'>25.</span> <span class='ocrx_word' id='word_1_185' title='bbox 349 3274 456 3344; x_wconf 79' lang='lat' dir='ltr'>Virginei</span> <span class='ocrx_word' id='word_1_186' title='bbox 473 3276 548 3327; x_wconf 82' lang='lat' dir='ltr'>crines</span> <span class='ocrx_word' id='word_1_187' title='bbox 560 3289 618 3325; x_wconf 70' lang='lat' dir='ltr'>aruo</span> <span class='ocrx_word' id='word_1_188' title='bbox 629 3274 772 3345; x_wconf 73' lang='lat' dir='ltr'>gemmisque</span> <span class='ocrx_word' id='word_1_189' title='bbox 785 3293 946 3343; x_wconf 68' lang='lat' dir='ltr'>premuntur,</span> 
     </span>
    </p>
   </div>
   <div class='ocr_carea' id='block_1_7' title="bbox 0 0 1188 3992">
    <p class='ocr_par' dir='ltr' id='par_1_7' title="bbox 0 0 1188 3992">
     <span class='ocr_line' id='line_1_33' title="bbox 0 0 1188 3992; baseline 0 0"><span class='ocrx_word' id='word_1_190' title='bbox 0 0 1188 3992; x_wconf 95' lang='lat' dir='ltr'> </span> 
     </span>
    </p>
   </div>
  </div>
 </body>
</html>
