2367 3992
263 493 332 561 330
368 466 436 539 An
458 466 548 538 lrv.
572 465 681 539 Auo.
706 470 885 541 c’ortsuz.¹

292 590 376 641 Exitur
389 592 447 652 hic,
458 603 549 652 mater,
559 587 643 641 debuit
654 588 700 642 effe
713 608 791 642 meur.

208 669 826 741 455Necmeritir,quamquatniiiajuvautmagis,
838 669 978 734 abfuitillit,
1003 733 1006 743 Ι

292 750 385 809 Mater,
404 752 482 799 honor
493 766 499 796 ι
511 748 589 798 titulis
600 751 701 798 nomina
713 749 786 815 plena
794 747 873 800 rides.

258 826 367 888 Consul,
387 830 500 893 &ignoti
511 829 588 877 vietor
599 827 755 876 Germanicui
768 828 851 887 othir,
942 844 945 851 ·

293 904 364 973 (Cui
379 905 425 954 fuit
435 905 497 954 heu!
515 907 600 954 mortis
615 905 713 968 publica
727 905 812 970 causa)
827 904 904 970 legor.

258 980 353 1048 Cingor
364 981 491 1048 Apollinei
501 984 605 1033 victricia
614 997 724 1047 tempora
734 981 804 1032 lauto
813 1017 823 1044 ,

212 1073 260 1124 460
292 1061 326 1110 Et'
335 1063 394 1110 senti
406 1062 526 1127 exsequias
538 1059 627 1108 funeris
637 1061 685 1125 ipse
697 1063 755 1109 mei.

257 1138 423 1206 Decursusque
435 1137 513 1189 vittim
525 1152 597 1188 notor
611 1141 689 1198 mihi,
702 1136 815 1204 donaque
828 1138 936 1204 Regum.

291 1215 431 1284 Cuniiaque
443 1234 484 1282 per
494 1216 578 1266 titulos
588 1214 678 1281 oppida
690 1215 749 1264 lessa
760 1216 824 1265 suos.

257 1295 289 1345 Et
306 1312 355 1362 quo
366 1312 405 1344 me
415 1292 496 1344 officio
504 1297 635 1360 portaverit
646 1293 688 1342 illa
698 1297 828 1359 juventur,

292 1373 352 1434 Quae
363 1373 410 1423 fuit
420 1389 475 1422 ante
487 1389 569 1422 mcum
581 1386 631 1420 tam
643 1372 757 1436 generosa
767 1385 859 1421 totum.

209 1450 371 1517 465Denique
384 1450 474 1501 iaudari
485 1453 575 1500 sacrato
585 1449 685 1500 Caesaris
696 1465 738 1498 ote

291 1528 403 1589 Emerui,
419 1529 534 1591 lacrymas
548 1528 666 1592 elicuique
681 1526 745 1576 Deo.

258 1605 290 1656 Et
305 1609 417 1670 cuiquam
429 1604 575 1653 miserandus
586 1603 646 1652 eru?
662 1608 711 1668 jam
723 1605 858 1668 comprime
869 1602 945 1655 fletur.

291 1683 345 1733 Hoc
360 1699 423 1748 ego,
439 1686 481 1748 qui
494 1680 568 1731 flendi
580 1683 632 1730 sum
645 1683 688 1730 tibi
699 1682 782 1737 causa,
795 1697 867 1746 rogo.

258 1759 316 1811 Haec
327 1761 398 1809 sentit
412 1759 515 1819 Drusus,
529 1757 618 1825 siquid
630 1755 706 1807 modu
715 1759 786 1807 sentit
795 1760 823 1807 itt
833 1758 934 1808 umbria

211 1853 261 1898 ⁴7⁰
294 1839 345 1889 Nec
361 1854 387 1888 tu
404 1835 434 1888 de
444 1853 511 1888 tanto
523 1835 591 1887 crede
603 1839 697 1886 minora
707 1838 770 1885 tiro.

259 1915 300 1967 Est
310 1919 371 1971 tibi,
389 1918 467 1983 sitque
483 1932 583 1982 precor,
599 1915 732 1963 multorum
747 1911 811 1962 filius
826 1914 916 1963 instate

294 1996 396 2060 Parsque
412 1999 447 2044 tui
458 1993 538 2060 paruis
549 1997 580 2043 sit
591 1994 635 2042 tibi
649 1991 712 2041 salva
723 1993 797 2056 prior.

259 2070 299 2123 Est
317 2076 422 2138 conjux,
441 2071 515 2122 tutela
525 2075 651 2121 homiuum
660 2085 721 2135 :quo
731 2069 837 2133 sospite,
849 2068 962 2132 vestram,

241 2160 246 2167 '
291 2150 376 2215 Livia,
387 2150 503 2202 funestam
513 2148 612 2201 dedecet
621 2145 666 2198 effe
677 2145 788 2199 domurn.

561 2464 684 2695 *ir
