2367 3992
268 481 905 571 zruuul.Eur·:craIV.129

211 618 887 696 ³5&ta

363 751 618 818 ELEGIA
657 749 733 812 IV.

194 848 237 964 E
260 935 269 967 r
280 935 299 968 ι
309 931 362 967 tuus
374 919 407 968 eli
416 917 496 984 epulas
507 917 634 967 nobiscum
644 912 751 965 aditurus
763 910 869 964 easdem.

220 995 317 1046 Ultima
326 1014 385 1046 cena
395 1012 437 1046 tuo
451 1000 496 1050 sit,
510 1012 612 1060 precor,
623 995 666 1043 illa
679 996 740 1043 viro.

190 1074 253 1140 Ergo
270 1091 315 1140 ego
327 1073 438 1124 dilectam
450 1074 544 1124 tantum
554 1075 656 1123 conviva
667 1070 773 1136 puellam

219 1154 359 1218 Aspiciam?
372 1156 437 1217 tangi
453 1169 525 1218 quem
536 1155 619 1216 luvet,
632 1150 692 1198 alter
705 1151 766 1198 erici

189 1231 340 1296 Alteriusque
351 1234 415 1280 sinus
426 1229 479 1296 apte
488 1230 590 1294 sublesta
600 1228 710 1279 fovebis?

221 1309 318 1373 Injiciet
330 1309 415 1368 collo,
427 1307 483 1357 culm
493 1307 577 1366 volet,
589 1306 631 1355 ille
641 1308 758 1355 manum?

188 1385 278 1437 Desine
288 1390 370 1437 mitari
381 1422 389 1447 ‚
404 1389 483 1452 posito
494 1384 561 1451 quod
572 1383 675 1434 candida
687 1386 746 1433 vino

220 1464 313 1513 Atracis
324 1466 449 1529 ambiguos
460 1468 530 1514 traxit
540 1467 565 1512 in
580 1480 646 1513 arim
656 1466 729 1512 viros.

187 1541 239 1593 Nec
246 1544 307 1592 milri
314 1541 475 1602 silvadomus,
485 1559 528 1591 nec
534 1559 596 1608 equo
604 1558 658 1591 mea
665 1541 774 1591 membra
780 1542 908 1592 coherent:

220 1623 268 1671 Vix
283 1636 331 1671 ate
340 1619 424 1670 videor
436 1617 501 1684 poss'e
513 1635 590 1669 tenere
601 1636 694 1670 manus.
928 1644 958 1676 10

188 1699 249 1762 Quae
263 1701 308 1750 tibi
318 1704 365 1750 aiut
375 1697 483 1749 facienda
494 1714 575 1747 tamen
584 1701 715 1763 cognosce:
726 1714 770 1749 net
779 1698 848 1749 Euris

220 1780 261 1830 Da
271 1796 325 1829 mea
335 1814 344 1840 ‚
359 1795 403 1829 nec
415 1775 500 1843 tepidis
510 1777 582 1826 verba
593 1774 690 1826 ferenda
700 1777 781 1830 Notis.

185 1857 251 1909 Ante
262 1859 332 1917 veui,
348 1856 422 1923 quim
432 1858 470 1906 vir
479 1873 487 1907 t
497 1872 556 1915 nec,
568 1852 645 1921 quid,
658 1857 676 1902 si
687 1858 779 1904 veneris
789 1869 860 1913 ante,

221 1937 301 1985 Possit
317 1938 371 1999 agi,
382 1933 453 1984 video
464 1952 471 1982 t
484 1932 525 1983 sed
536 1948 616 1982 tamen
628 1948 682 1981 ante
696 1936 759 1982 veni.

186 2012 256 2067 Cim
267 2028 360 2079 premet
368 2012 410 2061 ille
422 2027 501 2062 torum
515 2047 523 2072 ,
534 2011 604 2061 vultu
615 2029 695 2060 comcs
706 2013 756 2076 ipsa
766 2009 876 2062 modesto
930 2032 956 2078 ¹5

220 2093 270 2142 lbis
280 2127 289 2152 ‚
300 2108 327 2141 ut
337 2092 462 2141 accumbas
469 2108 476 2149 3
493 2090 556 2141 clam
571 2092 632 2138 mihi
644 2105 713 2154 tange
724 2086 818 2155 pedem.

186 2171 232 2223 Me
243 2172 333 2235 specta,
349 2185 466 2235 nutusque
476 2185 561 2229 meos,
572 2168 715 2234 vultumque
726 2167 867 2235 loquacem:

221 2248 313 2312 Excipe
324 2246 440 2308 furtivas,
452 2251 476 2295 δέ
487 2246 549 2295 refer
559 2249 608 2312 ipsa
618 2263 696 2296 notas.

187 2327 271 2378 Verba
281 2326 410 2391 superciliis
428 2327 477 2374 siue
488 2342 548 2375 voce
562 2325 687 2391 loquentia
699 2324 794 2377 dicam:

220 2405 302 2455 Verba
314 2405 376 2469 leges
387 2402 482 2468 digitis,
492 2403 564 2454 verba
574 2418 658 2453 notata
668 2421 745 2453 mero.

187 2481 257 2535 Ctlm
268 2483 311 2531 tibi
322 2483 440 2531 succurret
452 2482 550 2531 Veneris
563 2481 659 2532 lascivia
668 2482 768 2543 nollsae,

221 2561 352 2626 Purpureas
367 2576 448 2610 teneto
458 2560 547 2625 pollice
557 2575 627 2624 tange
638 2577 718 2625 genas.

187 2640 214 2694 §i
228 2636 289 2703 quid
304 2641 348 2688 erit
357 2673 366 2698 ‚
376 2637 406 2688 de
416 2656 456 2687 me
468 2638 540 2688 taciti
551 2637 619 2704 quod
630 2653 711 2687 mente
724 2642 844 2704 queraris3

222 2714 328 2766 Pendeat
340 2717 446 2766 extremi
457 2717 538 2765 mollis
549 2719 578 2764 ab
590 2733 645 2765 aure
656 2733 751 2766 manus.

187 2794 257 2849 Cim
265 2796 325 2855 tibi,
335 2813 387 2861 quae
396 2794 483 2844 faciam
492 2830 500 2854 ,
510 2811 564 2843 mea
572 2793 613 2842 lux
619 2785 628 2850 ζ
636 2792 745 2846 dicamve
751 2831 760 2857 ‚
769 2796 911 2861 placebunt;
930 2815 957 2860 25

222 2874 336 2929 Versetur
350 2871 429 2937 digitis
441 2873 541 2922 annulus
558 2875 631 2938 usque
643 2875 697 2922 tuis.

189 2951 274 3017 Tange
286 2967 360 3001 manu
372 2954 494 3013 mensam,
505 2970 554 3018 quo
566 2967 668 3017 tangunt
678 2970 746 3003 more
755 2942 895 3020 precautes,

223 3029 328 3094 Optabis
336 3032 424 3078 merito
434 3029 489 3079 clam
500 3031 563 3084 mala
574 3031 652 3080 multa
662 3035 724 3082 viro.

191 3106 268 3171 Quod
278 3110 322 3157 tibi
334 3110 471 3166 miscuerit,
487 3109 577 3172 sapias,
590 3110 713 3175 bibatipse
723 3113 819 3177 jubeto:

229 3185 268 3236 Tu
282 3202 384 3253 puerum
399 3185 482 3240 leviter
492 3188 576 3253 posce,
593 3186 661 3254 quod
671 3190 721 3254 ipsa
731 3191 799 3302 wlff·
934 3191 963 3235 30

796 3271 811 3303 v
