2367 3992
301 464 560 531 HEROJDES.
583 461 656 529 ΕΡ.
679 464 785 530 XXI.
840 487 905 559 117

186 584 257 649 Ipsi,
269 582 338 633 velut
348 585 432 642 navis,
445 585 534 648 ji&or;
546 600 618 648 quam
628 597 705 632 certus
715 586 741 631 in
751 582 828 632 altum

147 696 152 703 .
223 661 341 726 Propellit
351 662 451 718 Boreas,
464 661 530 708 aestus
541 665 566 709 ὃ(
577 660 642 710 unda
652 661 734 711 refert.

186 738 303 805 Cumque
318 737 369 789 dies
382 742 441 788 caris
452 754 535 803 optata
546 742 681 804 parentibus
694 740 779 799 instat,

220 816 371 867 Immodicas
382 821 469 882 pariter
479 821 585 881 corporis
595 815 665 866 ardor
676 817 743 866 inest.

188 895 238 955 Et,
257 899 320 944 mihi
334 897 440 961 conjugii
457 909 549 959 tempus
561 893 663 944 crudelis
678 893 709 944 ad
719 898 812 961 ipsum,
928 903 957 949 45

223 975 373 1038 Persephone
385 972 472 1020 nostras
481 972 559 1036 pulsat
569 974 652 1021 acerba
665 972 736 1022 fores.

189 1051 244 1100 Jam
257 1046 348 1115 pudet:
358 1053 382 1099 ὃ(
393 1052 467 1098 timeo
477 1053 601 1114 ‚quamvis
616 1053 677 1099 mihi
684 1053 779 1101 conscia
787 1067 839 1101 non
848 1053 911 1112 sim,

225 1126 338 1177 Offensos
348 1124 429 1177 videar
441 1143 470 1175 ne
483 1125 591 1175 meruiiie
605 1127 680 1176 Deos.

191 1203 307 1258 Accidere
319 1206 366 1253 hoc
382 1203 468 1269 aliquis
483 1206 536 1252 casu
549 1203 690 1253 contendit:
703 1205 799 1255 &alter

227 1285 360 1348 Acceptum
377 1283 470 1346 Superis
481 1284 544 1330 hunc
554 1297 626 1346 negat
638 1279 683 1330 effe
692 1285 781 1332 virum.
932 1293 961 1345 59

192 1363 263 1414 Neve
273 1361 336 1410 nihil
347 1358 429 1424 cretius
439 1363 464 1409 in
477 1375 500 1408 te
516 1376 619 1427 quoquo
624 1358 703 1409 dicere
715 1360 822 1421 famam,

227 1441 297 1489 Paua
310 1437 432 1488 veneficiis
449 1454 502 1502 pars
515 1451 583 1502 putat
596 1437 638 1487 ista
649 1441 704 1487 tuis,

194 1517 275 1568 causa
290 1516 348 1566 lutet
360 1533 367 1564 z
380 1515 443 1565 mala
453 1514 531 1564 nostra
548 1531 640 1579 patent.
652 1517 702 1568 Vos
713 1533 771 1583 pace
780 1520 883 1570 movetis

229 1597 317 1661 Aspera
328 1593 441 1643 submoti
450 1593 550 1658 proelia:
561 1593 651 1657 pleEior
662 1611 717 1660 ego.

195 1675 286 1738 Ditem
296 1690 374 1733 nuuc,
386 1672 505 1738 solitoque
521 1672 565 1720 tibi
575 1689 613 1720 me
627 1671 709 1738 decipe
719 1692 786 1726 more
797 1693 805 1725 r
935 1700 961 1744 55

232 1749 299 1812 Quid
314 1750 385 1800 Facies
396 1748 468 1809 odio,
480 1750 566 1798 sicubi
579 1766 660 1799 amore
670 1757 758 1807 notre?
795 1806 796 1811 ,

197 1833 223 1880 Si
237 1829 305 1881 ledis
320 1825 388 1896 quod
401 1843 484 1887 amas,
499 1827 590 1881 hostem
606 1830 836 1893 sapienter-amabor

232 1909 275 1958 Me
288 1924 386 1974 precor,
401 1922 428 1956 ut
438 1908 529 1965 serves,
541 1905 639 1971 perdere
649 1906 712 1956 velle
722 1907 789 1957 velis.

198 1987 249 2037 Aut
263 1988 308 2035 tibi
323 1990 373 2051 jam
386 1985 454 2037 nulla
470 1985 502 2032 est
516 1985 613 2048 iperatae
632 2001 688 2034 cura
703 1984 804 2050 puellae,

234 2065 315 2126 Quam
324 2063 386 2112 ferus
394 2061 493 2128 indigni
504 2063 557 2112 tabe
568 2066 648 2127 perire*
654 2066 723 2112 sinis:
939 2066 969 2103 60

200 2143 251 2194 Aut
261 2142 314 2192 Dea
325 2145 345 2190 si
355 2141 439 2191 frustra
447 2157 490 2205 pro
502 2157 541 2191 me
557 2142 602 2189 ribi
611 2144 672 2192 seva
681 2157 796 2207 rogatur,

236 2219 303 2282 Quid
312 2222 374 2269 mihi
384 2235 406 2269 te
416 2223 502 2286 jaiias?
515 2223 593 2285 giutid
602 2221 669 2269 nulla
680 2237 720 2269 tue
731 2221 772 2274 est.

202 2299 272 2364 Elige
284 2296 345 2364 quid
353 2297 428 2364 fingas
439 2317 445 2347 ε
457 2314 507 2348 non
515 2301 549 2348 vis
560 2299 653 2364 placare
664 2299 782 2358 Dianam

236 2378 369 2426 Immemor
377 2393 400 2426 es
411 2376 483 2425 nostri
491 2394 497 2424 ε
506 2393 555 2426 non
561 2392 631 2442 potes
640 2395 647 2435 3
658 2377 702 2426 illa
713 2380 747 2426 tui
755 2377 796 2428 est.

203 2454 251 2503 Vel
263 2471 395 2521 numquam
404 2454 502 2503 maliem
512 2454 565 2513 ,vel
574 2472 626 2504 non
636 2457 696 2504 mihi
705 2470 813 2520 tempore
822 2456 848 2502 in
855 2453 900 2504 iilo
940 2461 967 2509 65

238 2529 304 2581 Effer
317 2535 343 2581 in
353 2532 432 2597 AEgeit
442 2536 540 2597 cognita
549 2533 624 2582 Delos
636 2537 712 2598 aquis.
794 2551 797 2555 ·

206 2610 278 2659 Tunc
289 2626 343 2658 mea
352 2607 446 2663 ‹fiffieili
457 2608 557 2659 deducta
568 2610 601 2660 est
610 2627 706 2676 aequore
716 2613 800 2670 navit,

240 2688 272 2737 Et
288 2688 335 2738 fuit
346 2686 377 2738 ad
387 2704 476 2754 coeptas
487 2691 545 2738 hora
557 2689 648 2737 sinistra
658 2692 716 2738 vias.

207 2764 266 2825 Quo
280 2765 340 2831 pede
347 2767 466 2831 processi!
479 2783 528 2832 quo
538 2783 577 2830 nie
587 2764 648 2830 pede
659 2767 742 2816 limine
753 2768 835 2819 movi!

243 2843 306 2893 Pisto
317 2847 370 2894 citae
382 2847 449 2910 tetigi
460 2861 508 2910 quo
519 2843 579 2909 pede
591 2860 655 2894 texta
669 2847 740 2895 ratis!
942 2867 974 2911 70

208 2920 248 2973 Bis
261 2936 342 2971 tamen
353 2921 451 2973 adverso
462 2921 583 2972 redierunt
592 2926 687 2974 carbasa
697 2941 769 2976 vento
780 2945 787 2976 e

244 3001 368 3060 Mentior,
380 3002 411 3048 ah
420 2998 531 3049 demens!
544 3001 586 3049 iile
594 3000 710 3051 secundus
719 3020 778 3054 erat.

211 3077 255 3126 iile
268 3077 383 3128 secundus
394 3092 459 3137 eret,
476 3081 518 3144 qui
532 3096 570 3126 me
580 3079 697 3129 referebat
707 3096 820 3144 euntem
859 3126 862 3139 .

246 3155 341 3225 Quique
357 3155 511 3224 puurufelix
522 3154 732 3237 impediebttiter.
758 3177 761 3190 ·
848 3174 912 3221 ,η
