2367 3992
303 480 368 522 100
403 453 903 522 P.Oer11NAsours

251 577 276 625 ²5
284 577 336 626 513st
348 574 413 626 aliud
426 575 522 635 lumen,
534 575 613 624 multo
623 577 684 623 mihi
693 576 778 623 certius
785 575 849 632 istis3

329 655 387 705 Non
398 658 443 704 erit
449 658 475 704 in
486 656 604 715 tenebris,
615 670 665 719 quo
674 651 735 702 duee
745 688 752 712 ,
764 652 841 702 noster
851 667 930 700 amor.

296 734 350 784 Hoc
361 751 405 799 ego
417 731 476 783 dum
486 733 606 797 speeiem,
616 730 742 791 Colchos,
754 734 780 780 δι
789 733 816 778 in
830 728 916 778 ultima
926 726 1014 789 Ponti,

329 811 431 878 Qudque
443 814 508 862 viam
523 809 580 860 fecit
590 807 703 859 Thefl'ale
712 811 782 874 pinus
790 829 802 869 i
813 824 881 858 eam:

297 889 328 938 Et
338 889 453 940 iuvenem
464 891 554 954 possim
569 889 676 952 superare
691 886 828 935 Palaemona
837 883 919 936 nando
926 919 937 947 ,

249 979 295 1018 150
328 967 437 1032 Miraque
451 982 523 1032 quem
534 963 614 1014 subitd
629 962 734 1014 reddidit
746 966 819 1014 herba
830 963 920 1013 Deum.

295 1046 360 1110 Saepe
374 1061 415 1109 per
424 1042 530 1093 assiduos
541 1043 655 1109 languent
670 1045 731 1092 mihi
742 1043 838 1092 brachia
848 1057 948 1102 motus,

327 1123 422 1188 Vixque
433 1139 474 1187 per
483 1123 610 1172 immensae
622 1118 680 1170 feisa
693 1124 818 1170 trahuntur
831 1136 913 1185 aquas.

295 1200 338 1250 His
350 1215 395 1265 ego
405 1200 460 1249 cuim
471 1197 533 1259 dixi3
545 1200 651 1250 Pretium
658 1215 708 1248 uon
717 1198 765 1251 uile
775 1198 862 1247 laboris
872 1231 882 1257 ,

327 1278 379 1328 Jarn
387 1277 491 1328 domine
499 1280 568 1329 vobis
579 1278 643 1327 colla
653 1275 754 1326 tenenda
764 1274 827 1326 dabo
839 1293 845 1324 τ
904 1305 908 1313 ·

250 1357 406 1415 165Protinus
416 1357 566 1416 illuuiem,
585 1372 656 1423 atque
667 1354 698 1405 ad
708 1357 748 1404 sua
758 1357 856 1420 premia
864 1351 983 1412 tendunt,

329 1434 365 1484 Ut
378 1435 441 1484 celer
455 1435 514 1484 Eleo
524 1451 617 1485 carcere
627 1430 710 1483 miffus
720 1450 802 1500 equus.

297 1514 349 1580 Ipse
363 1531 429 1562 meos
440 1515 513 1577 igitur
524 1514 592 1563 servo
601 1547 609 1572 ‚
619 1512 706 1578 quibus
715 1527 785 1572 uror,
794 1527 902 1561 amorese

330 1592 431 1657 Teque,
450 1593 525 1654 magis
539 1589 603 1639 coelo
619 1588 692 1654 digna
702 1589 798 1656 puella,
812 1590 906 1654 sequor.

295 1668 377 1734 Digna
387 1665 486 1735 quidem
497 1667 560 1718 coelo
570 1703 578 1729 ,
589 1668 631 1719 sed
641 1667 719 1718 adhuc
731 1667 816 1723 tellure
825 1684 937 1721 morarer
999 1724 1001 1729 ,

251 1755 295 1801 ¹70
329 1747 377 1796 Aut
391 1745 445 1806 dic,
457 1744 488 1795 ad
500 1748 601 1811 Superos
613 1750 637 1796 δε
649 1749 708 1796 mihi
717 1747 765 1813 qud
778 1750 809 1796 sit
820 1749 874 1796 iter.

297 1824 345 1876 Hic
356 1842 380 1874 es
389 1859 398 1884 ‚
408 1828 432 1874 δι
444 1828 556 1891 exiguum
566 1827 653 1875 misero
663 1828 783 1890 contingis
793 1828 895 1875 amanti:

331 1903 443 1969 Cumque
460 1903 514 1953 med
531 1903 592 1954 fiunt
607 1901 702 1956 turbida
715 1919 795 1956 mente
811 1904 882 1954 freta.

299 1979 365 2042 Quid
375 1982 451 2035 mihi,
462 1979 529 2047 qudd
539 1983 590 2031 lato
600 1999 651 2032 non
661 1984 753 2047 separor
763 1999 874 2049 aequore,
886 1982 1001 2048 prodest?

332 2060 398 2109 Num
409 2063 487 2108 minus
498 2063 545 2109 hoc
554 2060 624 2111 nobis
635 2077 685 2111 tarn
696 2061 772 2110 brevis
783 2060 860 2117 obstat
870 2065 948 2126 aquai

253 2136 335 2198 175An
346 2138 447 2196 malim,
462 2136 563 2197 dubito,
577 2154 630 2187 toto
641 2139 724 2203 procul
736 2139 794 2187 orbe
803 2152 929 2198 remotus,

332 2215 398 2265 Cum
412 2213 511 2264 domina
524 2214 595 2278 longe
606 2218 672 2280 spem
683 2232 780 2281 quoque
790 2217 876 2265 habere
885 2234 949 2272 mea.

300 2294 355 2354 Quo
369 2295 465 2358 propius
475 2309 539 2343 nunc
553 2310 594 2352 es,
608 2291 707 2342 flammd
720 2296 831 2357 propiore
841 2294 948 2348 calescoe

332 2372 363 2421 Et
375 2388 410 2419 res
423 2387 473 2420 non
486 2372 594 2435 semper,
608 2372 658 2435 spes
669 2372 729 2418 mihi
741 2371 832 2432 semper
842 2369 917 2420 adest.

301 2453 370 2500 Paene
383 2467 473 2510 manu,
486 2448 553 2517 quod
565 2466 621 2501 amo
634 2484 642 2509 ,
656 2464 721 2499 tanta
735 2448 768 2496 est
778 2451 883 2508 vicinia,
902 2464 990 2516 tangoe

255 2529 300 2579 180
333 2531 397 2595 Saepe
408 2527 464 2590 sed,
476 2528 536 2578 heu!
551 2527 667 2590 lacrymas
680 2530 726 2577 hoc
741 2529 801 2575 mihi
811 2527 879 2575 Paene
891 2545 984 2580 movet.

301 2608 370 2659 Velle
385 2606 444 2677 quid
459 2607 491 2659 est
503 2605 569 2656 aliud
585 2607 702 2671 fugientia
717 2603 830 2670 prendere
844 2622 935 2671 poma,

334 2691 452 2754 Spemque
463 2688 505 2735 suo
514 2685 590 2751 refugi
601 2683 706 2735 fluminis
719 2702 760 2734 ore
770 2686 835 2749 sequi
845 2687 854 2736 ἓ

221 2770 223 2774 '
302 2769 365 2832 Ergo
378 2782 422 2831 ego
435 2781 458 2814 te
469 2781 619 2830 numquam,
634 2766 679 2814 nisi
688 2762 743 2813 cum
752 2761 820 2812 volet
828 2759 902 2817 unda,
916 2764 1023 2812 tenebo?

334 2845 365 2894 Et
377 2861 415 2892 me
430 2843 526 2891 felicem
537 2841 604 2890 nulla
614 2840 705 2900 videbit
714 2843 805 2889 hiems?

259 2921 416 2986 185Cquue
427 2924 505 2968 minus
516 2917 613 2966 firmum
623 2919 657 2966 nil
665 2921 711 2972 sit,
723 2918 798 2983 quim
809 2931 893 2968 ventus
906 2921 931 2966 δι
940 2915 1019 2979 unda,

338 2999 365 3047 In
378 2999 454 3046 ventis
469 2999 494 3044 &
504 2995 565 3060 aqui
577 2996 628 3058 spes
639 3011 692 3043 mea
702 2997 792 3060 semper
806 3000 865 3046 erit?

230 3076 232 3081 ’
305 3077 382 3129 AEstus
392 3072 468 3124 adhuc
477 3089 557 3122 tamen
563 3073 608 3121 est:
618 3071 694 3138 quid,
705 3072 761 3122 crim
768 3074 918 3126 mihilaeserit
927 3092 1020 3142 aequor,

338 3154 434 3209 Plias&
446 3151 619 3218 Arctophylax,
631 3151 792 3222 Oleniumque
802 3158 888 3221 pecus?
