<?xml version="1.0" encoding="UTF-8"?>
<!DOCTYPE html PUBLIC "-//W3C//DTD XHTML 1.0 Transitional//EN"
    "http://www.w3.org/TR/xhtml1/DTD/xhtml1-transitional.dtd">
<html xmlns="http://www.w3.org/1999/xhtml" xml:lang="en" lang="en">
 <head>
  <title>
</title>
<meta http-equiv="Content-Type" content="text/html;charset=utf-8" />
  <meta name='ocr-system' content='tesseract 3.04.00' />
  <meta name='ocr-capabilities' content='ocr_page ocr_carea ocr_par ocr_line ocrx_word'/>
</head>
<body>
  <div class='ocr_page' id='page_1' title='image "./povidiinasoniso03ovidgoog_0125.png"; bbox 0 0 2367 3992; ppageno 0'>
   <div class='ocr_carea' id='block_1_1' title="bbox 309 424 915 513">
    <p class='ocr_par' dir='ltr' id='par_1_1' title="bbox 309 424 915 513">
     <span class='ocr_line' id='line_1_1' title="bbox 309 424 915 513; baseline -0.008 -16"><span class='ocrx_word' id='word_1_1' title='bbox 309 430 576 497; x_wconf 64' lang='lat' dir='ltr'>His-tornes.</span> <span class='ocrx_word' id='word_1_2' title='bbox 593 424 674 496; x_wconf 73' lang='grc' dir='ltr'>ΕΡ.</span> <span class='ocrx_word' id='word_1_3' title='bbox 698 425 818 499; x_wconf 73' lang='lat' dir='ltr'>XIX.¹</span> <span class='ocrx_word' id='word_1_4' title='bbox 850 446 915 513; x_wconf 84' lang='lat'>¹07</span> 
     </span>
    </p>
   </div>
   <div class='ocr_carea' id='block_1_2' title="bbox 185 544 967 3284">
    <p class='ocr_par' dir='ltr' id='par_1_2' title="bbox 185 544 967 3284">
     <span class='ocr_line' id='line_1_2' title="bbox 198 544 967 613; baseline -0.017 -9"><span class='ocrx_word' id='word_1_5' title='bbox 198 555 307 605; x_wconf 79' lang='lat' dir='ltr'>Forsitan</span> <span class='ocrx_word' id='word_1_6' title='bbox 319 550 352 601; x_wconf 87' lang='lat' dir='ltr'>ad</span> <span class='ocrx_word' id='word_1_7' title='bbox 361 548 466 600; x_wconf 86' lang='lat' dir='ltr'>reditum</span> <span class='ocrx_word' id='word_1_8' title='bbox 477 563 570 599; x_wconf 85' lang='lat' dir='ltr'>metuas</span> <span class='ocrx_word' id='word_1_9' title='bbox 583 565 614 599; x_wconf 86' lang='lat' dir='ltr'>ne</span> <span class='ocrx_word' id='word_1_10' title='bbox 624 561 735 613; x_wconf 79' lang='lat' dir='ltr'>tempora</span> <span class='ocrx_word' id='word_1_11' title='bbox 744 544 837 609; x_wconf 81' lang='lat' dir='ltr'>desint,</span> <span class='ocrx_word' id='word_1_12' title='bbox 923 555 967 610; x_wconf 78' lang='lat'>¹⁶5</span> 
     </span>
     <span class='ocr_line' id='line_1_3' title="bbox 231 627 756 697; baseline -0.015 -15"><span class='ocrx_word' id='word_1_13' title='bbox 231 634 279 682; x_wconf 75' lang='lat' dir='ltr'>Aut</span> <span class='ocrx_word' id='word_1_14' title='bbox 290 632 382 697; x_wconf 77' lang='lat' dir='ltr'>gemini</span> <span class='ocrx_word' id='word_1_15' title='bbox 395 645 497 694; x_wconf 81' lang='lat' dir='ltr'>nequeas</span> <span class='ocrx_word' id='word_1_16' title='bbox 512 629 573 678; x_wconf 85' lang='lat' dir='ltr'>ferre</span> <span class='ocrx_word' id='word_1_17' title='bbox 584 627 674 677; x_wconf 83' lang='lat' dir='ltr'>laboris</span> <span class='ocrx_word' id='word_1_18' title='bbox 685 642 756 676; x_wconf 85' lang='lat' dir='ltr'>onus.</span> 
     </span>
     <span class='ocr_line' id='line_1_4' title="bbox 194 707 769 771; baseline -0.017 -9"><span class='ocrx_word' id='word_1_19' title='bbox 194 711 230 762; x_wconf 81' lang='lat' dir='ltr'>At</span> <span class='ocrx_word' id='word_1_20' title='bbox 239 727 283 760; x_wconf 88' lang='lat' dir='ltr'>nos</span> <span class='ocrx_word' id='word_1_21' title='bbox 294 709 382 760; x_wconf 83' lang='lat' dir='ltr'>diversi</span> <span class='ocrx_word' id='word_1_22' title='bbox 394 707 502 758; x_wconf 88' lang='lat' dir='ltr'>medium</span> <span class='ocrx_word' id='word_1_23' title='bbox 512 712 624 758; x_wconf 72' lang='lat' dir='ltr'>co&#39;e&#39;amui</span> <span class='ocrx_word' id='word_1_24' title='bbox 635 709 661 755; x_wconf 86' lang='lat' dir='ltr'>in</span> <span class='ocrx_word' id='word_1_25' title='bbox 671 720 769 771; x_wconf 66' lang='lat' dir='ltr'>equor,</span> 
     </span>
     <span class='ocr_line' id='line_1_5' title="bbox 229 783 781 855; baseline -0.005 -18"><span class='ocrx_word' id='word_1_26' title='bbox 229 789 357 855; x_wconf 85' lang='lat' dir='ltr'>Obviaque</span> <span class='ocrx_word' id='word_1_27' title='bbox 369 790 393 836; x_wconf 91' lang='lat' dir='ltr'>in</span> <span class='ocrx_word' id='word_1_28' title='bbox 404 788 503 836; x_wconf 84' lang='lat' dir='ltr'>summis</span> <span class='ocrx_word' id='word_1_29' title='bbox 511 785 591 836; x_wconf 82' lang='lat' dir='ltr'>oscula</span> <span class='ocrx_word' id='word_1_30' title='bbox 604 783 687 835; x_wconf 88' lang='lat' dir='ltr'>demus</span> <span class='ocrx_word' id='word_1_31' title='bbox 697 786 781 850; x_wconf 76' lang='lat' dir='ltr'>aquiss</span> 
     </span>
     <span class='ocr_line' id='line_1_6' title="bbox 185 860 862 932; baseline -0.009 -16"><span class='ocrx_word' id='word_1_32' title='bbox 185 867 275 932; x_wconf 80' lang='lat' dir='ltr'>·Arqtre</span> <span class='ocrx_word' id='word_1_33' title='bbox 285 870 321 916; x_wconf 86' lang='lat' dir='ltr'>ita</span> <span class='ocrx_word' id='word_1_34' title='bbox 332 867 432 932; x_wconf 88' lang='lat' dir='ltr'>quisque</span> <span class='ocrx_word' id='word_1_35' title='bbox 446 867 497 915; x_wconf 86' lang='lat' dir='ltr'>suas</span> <span class='ocrx_word' id='word_1_36' title='bbox 508 867 594 913; x_wconf 88' lang='lat' dir='ltr'>iterum</span> <span class='ocrx_word' id='word_1_37' title='bbox 605 861 728 913; x_wconf 77' lang='lat' dir='ltr'>redeamus</span> <span class='ocrx_word' id='word_1_38' title='bbox 736 860 768 911; x_wconf 88' lang='lat' dir='ltr'>ad</span> <span class='ocrx_word' id='word_1_39' title='bbox 776 861 862 915; x_wconf 69' lang='lat' dir='ltr'>urbeis</span> 
     </span>
     <span class='ocr_line' id='line_1_7' title="bbox 229 937 796 1010; baseline -0.007 -18"><span class='ocrx_word' id='word_1_40' title='bbox 229 943 364 1010; x_wconf 80' lang='lat' dir='ltr'>Exiguum,</span> <span class='ocrx_word' id='word_1_41' title='bbox 380 941 421 993; x_wconf 83' lang='lat' dir='ltr'>sed</span> <span class='ocrx_word' id='word_1_42' title='bbox 431 943 483 1008; x_wconf 89' lang='lat' dir='ltr'>plus</span> <span class='ocrx_word' id='word_1_43' title='bbox 494 941 567 1008; x_wconf 72' lang='lat' dir='ltr'>quim</span> <span class='ocrx_word' id='word_1_44' title='bbox 579 941 657 1002; x_wconf 86' lang='lat' dir='ltr'>nihil,</span> <span class='ocrx_word' id='word_1_45' title='bbox 668 937 796 995; x_wconf 85' lang='lat' dir='ltr'>illuderit.</span> 
     </span>
     <span class='ocr_line' id='line_1_8' title="bbox 194 1018 948 1086; baseline -0.005 -15"><span class='ocrx_word' id='word_1_46' title='bbox 194 1021 242 1071; x_wconf 88' lang='lat' dir='ltr'>Vel</span> <span class='ocrx_word' id='word_1_47' title='bbox 255 1020 335 1086; x_wconf 90' lang='lat' dir='ltr'>pudor</span> <span class='ocrx_word' id='word_1_48' title='bbox 345 1024 385 1070; x_wconf 89' lang='lat' dir='ltr'>hic</span> <span class='ocrx_word' id='word_1_49' title='bbox 395 1024 502 1080; x_wconf 85' lang='lat' dir='ltr'>utinam,</span> <span class='ocrx_word' id='word_1_50' title='bbox 512 1023 608 1086; x_wconf 88' lang='lat' dir='ltr'>quinos</span> <span class='ocrx_word' id='word_1_51' title='bbox 619 1018 683 1069; x_wconf 81' lang='lat' dir='ltr'>elam</span> <span class='ocrx_word' id='word_1_52' title='bbox 694 1020 868 1084; x_wconf 66' lang='lat' dir='ltr'>cogitamus,</span> <span class='ocrx_word' id='word_1_53' title='bbox 946 1054 948 1059; x_wconf 83' lang='lat'><em>-</em></span> 
     </span>
     <span class='ocr_line' id='line_1_9' title="bbox 229 1088 811 1149; baseline -0.003 -1"><span class='ocrx_word' id='word_1_54' title='bbox 229 1099 275 1149; x_wconf 83' lang='lat' dir='ltr'>Vel</span> <span class='ocrx_word' id='word_1_55' title='bbox 289 1097 389 1149; x_wconf 86' lang='lat' dir='ltr'>timidus</span> <span class='ocrx_word' id='word_1_56' title='bbox 401 1099 471 1148; x_wconf 80' lang='lat' dir='ltr'>fanrae</span> <span class='ocrx_word' id='word_1_57' title='bbox 480 1097 562 1149; x_wconf 87' lang='lat' dir='ltr'>cedere</span> <span class='ocrx_word' id='word_1_58' title='bbox 570 1097 738 1149; x_wconf 78' lang='lat' dir='ltr'>telletamor&#39;.</span> <span class='ocrx_word' id='word_1_59' title='bbox 769 1088 772 1092; x_wconf 60' lang='grc'><strong>’</strong></span> <span class='ocrx_word' id='word_1_60' title='bbox 809 1127 811 1133; x_wconf 86' lang='lat'><em>.</em></span> 
     </span>
     <span class='ocr_line' id='line_1_10' title="bbox 194 1176 916 1242; baseline -0.006 -14"><span class='ocrx_word' id='word_1_61' title='bbox 194 1176 269 1228; x_wconf 83' lang='lat' dir='ltr'>Nunc</span> <span class='ocrx_word' id='word_1_62' title='bbox 286 1177 350 1226; x_wconf 81' lang='lat' dir='ltr'>male</span> <span class='ocrx_word' id='word_1_63' title='bbox 364 1193 400 1226; x_wconf 91' lang='lat' dir='ltr'>res</span> <span class='ocrx_word' id='word_1_64' title='bbox 410 1179 509 1242; x_wconf 57' lang='lat' dir='ltr'>iuncta,</span> <span class='ocrx_word' id='word_1_65' title='bbox 526 1176 591 1226; x_wconf 85' lang='lat' dir='ltr'>calor</span> <span class='ocrx_word' id='word_1_66' title='bbox 602 1180 628 1226; x_wconf 73' lang='grc' dir='ltr'>δι</span> <span class='ocrx_word' id='word_1_67' title='bbox 638 1177 788 1236; x_wconf 77' lang='lat' dir='ltr'>reverentia,</span> <span class='ocrx_word' id='word_1_68' title='bbox 798 1190 916 1240; x_wconf 76' lang='lat' dir='ltr'>pugnant.</span> 
     </span>
     <span class='ocr_line' id='line_1_11' title="bbox 229 1253 854 1320; baseline 0.003 -18"><span class='ocrx_word' id='word_1_69' title='bbox 229 1253 295 1314; x_wconf 84' lang='lat' dir='ltr'>Quid</span> <span class='ocrx_word' id='word_1_70' title='bbox 306 1257 389 1320; x_wconf 82' lang='lat' dir='ltr'>sequar</span> <span class='ocrx_word' id='word_1_71' title='bbox 401 1258 427 1304; x_wconf 93' lang='lat' dir='ltr'>in</span> <span class='ocrx_word' id='word_1_72' title='bbox 438 1253 854 1319; x_wconf 71' lang='lat' dir='ltr'>dubioestthoecdece15i11ejuvat·</span> 
     </span>
     <span class='ocr_line' id='line_1_12' title="bbox 195 1332 964 1408; baseline 0.005 -26"><span class='ocrx_word' id='word_1_73' title='bbox 195 1332 232 1382; x_wconf 89' lang='lat' dir='ltr'>Ut</span> <span class='ocrx_word' id='word_1_74' title='bbox 244 1333 316 1383; x_wconf 88' lang='lat' dir='ltr'>semel</span> <span class='ocrx_word' id='word_1_75' title='bbox 332 1336 431 1385; x_wconf 88' lang='lat' dir='ltr'>intravit</span> <span class='ocrx_word' id='word_1_76' title='bbox 447 1332 556 1383; x_wconf 88' lang='lat' dir='ltr'>Colchos</span> <span class='ocrx_word' id='word_1_77' title='bbox 568 1333 689 1397; x_wconf 77' lang='lat' dir='ltr'>Pagasaeus</span> <span class='ocrx_word' id='word_1_78' title='bbox 700 1332 788 1406; x_wconf 75' lang='lat' dir='ltr'>lason»</span> <span class='ocrx_word' id='word_1_79' title='bbox 920 1360 964 1408; x_wconf 78' lang='lat'>¹75</span> 
     </span>
     <span class='ocr_line' id='line_1_13' title="bbox 230 1410 763 1477; baseline 0.009 -18"><span class='ocrx_word' id='word_1_80' title='bbox 230 1411 372 1477; x_wconf 85' lang='lat' dir='ltr'>impositam</span> <span class='ocrx_word' id='word_1_81' title='bbox 383 1411 455 1461; x_wconf 89' lang='lat' dir='ltr'>celeri</span> <span class='ocrx_word' id='word_1_82' title='bbox 468 1410 570 1461; x_wconf 80' lang='lat' dir='ltr'>Phasida</span> <span class='ocrx_word' id='word_1_83' title='bbox 582 1428 661 1477; x_wconf 87' lang='lat' dir='ltr'>puppe</span> <span class='ocrx_word' id='word_1_84' title='bbox 674 1410 763 1464; x_wconf 86' lang='lat' dir='ltr'>tulit...</span> 
     </span>
     <span class='ocr_line' id='line_1_14' title="bbox 195 1487 786 1550; baseline -0.003 -12"><span class='ocrx_word' id='word_1_85' title='bbox 195 1488 233 1538; x_wconf 88' lang='lat' dir='ltr'>Ur</span> <span class='ocrx_word' id='word_1_86' title='bbox 242 1491 315 1539; x_wconf 89' lang='lat' dir='ltr'>semel</span> <span class='ocrx_word' id='word_1_87' title='bbox 326 1489 401 1540; x_wconf 85' lang='lat' dir='ltr'>idaeus</span> <span class='ocrx_word' id='word_1_88' title='bbox 415 1487 586 1539; x_wconf 83' lang='lat' dir='ltr'>Lacedaemona</span> <span class='ocrx_word' id='word_1_89' title='bbox 597 1493 663 1538; x_wconf 86' lang='lat' dir='ltr'>venit</span> <span class='ocrx_word' id='word_1_90' title='bbox 673 1487 766 1539; x_wconf 84' lang='lat' dir='ltr'>adulter</span> <span class='ocrx_word' id='word_1_91' title='bbox 776 1521 786 1550; x_wconf 88' lang='lat'>,</span> 
     </span>
     <span class='ocr_line' id='line_1_15' title="bbox 231 1567 705 1634; baseline -0.004 -15"><span class='ocrx_word' id='word_1_92' title='bbox 231 1567 296 1619; x_wconf 88' lang='lat' dir='ltr'>Cum</span> <span class='ocrx_word' id='word_1_93' title='bbox 310 1567 389 1634; x_wconf 82' lang='lat' dir='ltr'>praeda</span> <span class='ocrx_word' id='word_1_94' title='bbox 398 1568 469 1618; x_wconf 86' lang='lat' dir='ltr'>rediit</span> <span class='ocrx_word' id='word_1_95' title='bbox 485 1572 594 1634; x_wconf 88' lang='lat' dir='ltr'>protinus</span> <span class='ocrx_word' id='word_1_96' title='bbox 603 1567 645 1617; x_wconf 88' lang='lat' dir='ltr'>ille</span> <span class='ocrx_word' id='word_1_97' title='bbox 656 1570 705 1617; x_wconf 87' lang='lat' dir='ltr'>sua.</span> 
     </span>
     <span class='ocr_line' id='line_1_16' title="bbox 195 1645 915 1717; baseline 0 -22"><span class='ocrx_word' id='word_1_98' title='bbox 195 1645 253 1707; x_wconf 83' lang='lat' dir='ltr'>Tu,</span> <span class='ocrx_word' id='word_1_99' title='bbox 265 1646 409 1717; x_wconf 29' lang='lat' dir='ltr'>quim-sape</span> <span class='ocrx_word' id='word_1_100' title='bbox 421 1651 481 1712; x_wconf 81' lang='lat' dir='ltr'>petis</span> <span class='ocrx_word' id='word_1_101' title='bbox 488 1646 556 1713; x_wconf 83' lang='lat' dir='ltr'>quod</span> <span class='ocrx_word' id='word_1_102' title='bbox 563 1663 644 1706; x_wconf 79' lang='lat' dir='ltr'>arnas,</span> <span class='ocrx_word' id='word_1_103' title='bbox 656 1656 707 1712; x_wconf 68' lang='lat' dir='ltr'>sarri</span> <span class='ocrx_word' id='word_1_104' title='bbox 717 1645 915 1713; x_wconf 62' lang='lat' dir='ltr'>ibpessrelinquis:</span> 
     </span>
     <span class='ocr_line' id='line_1_17' title="bbox 228 1724 965 1794; baseline 0 -20"><span class='ocrx_word' id='word_1_105' title='bbox 228 1725 259 1774; x_wconf 85' lang='lat' dir='ltr'>Et</span> <span class='ocrx_word' id='word_1_106' title='bbox 270 1730 364 1791; x_wconf 90' lang='lat' dir='ltr'>quoties</span> <span class='ocrx_word' id='word_1_107' title='bbox 377 1743 447 1791; x_wconf 79' lang='lat' dir='ltr'>grave</span> <span class='ocrx_word' id='word_1_108' title='bbox 461 1724 489 1774; x_wconf 85' lang='lat' dir='ltr'>fit</span> <span class='ocrx_word' id='word_1_109' title='bbox 502 1727 619 1790; x_wconf 87' lang='lat' dir='ltr'>puppibus</span> <span class='ocrx_word' id='word_1_110' title='bbox 630 1729 680 1785; x_wconf 90' lang='lat' dir='ltr'>ire,</span> <span class='ocrx_word' id='word_1_111' title='bbox 693 1741 772 1793; x_wconf 46' lang='lat' dir='ltr'>naras,</span> <span class='ocrx_word' id='word_1_112' title='bbox 920 1745 965 1794; x_wconf 63' lang='lat'>,30</span> 
     </span>
     <span class='ocr_line' id='line_1_18' title="bbox 192 1798 922 1873; baseline 0 -21"><span class='ocrx_word' id='word_1_113' title='bbox 192 1803 234 1852; x_wconf 84' lang='lat' dir='ltr'>Sic</span> <span class='ocrx_word' id='word_1_114' title='bbox 251 1818 346 1858; x_wconf 88' lang='lat' dir='ltr'>tamen,</span> <span class='ocrx_word' id='word_1_115' title='bbox 362 1802 377 1852; x_wconf 81' lang='grc' dir='ltr'>ὃ</span> <span class='ocrx_word' id='word_1_116' title='bbox 394 1798 892 1870; x_wconf 66' lang='lat' dir='ltr'>juvenis,tunridatum-vi&amp;nroi1uarum,</span> <span class='ocrx_word' id='word_1_117' title='bbox 919 1869 922 1873; x_wconf 77' lang='lat'><strong>.</strong></span> 
     </span>
     <span class='ocr_line' id='line_1_19' title="bbox 228 1882 727 1947; baseline -0.002 -17"><span class='ocrx_word' id='word_1_118' title='bbox 228 1883 266 1931; x_wconf 83' lang='lat' dir='ltr'>Sic</span> <span class='ocrx_word' id='word_1_119' title='bbox 276 1882 351 1932; x_wconf 87' lang='lat' dir='ltr'>facito</span> <span class='ocrx_word' id='word_1_120' title='bbox 359 1885 467 1947; x_wconf 85' lang='lat' dir='ltr'>spernas,</span> <span class='ocrx_word' id='word_1_121' title='bbox 479 1897 505 1930; x_wconf 90' lang='lat' dir='ltr'>ut</span> <span class='ocrx_word' id='word_1_122' title='bbox 512 1898 606 1932; x_wconf 82' lang='lat' dir='ltr'>vereare</span> <span class='ocrx_word' id='word_1_123' title='bbox 613 1916 622 1941; x_wconf 97' lang='lat'>,</span> <span class='ocrx_word' id='word_1_124' title='bbox 629 1882 727 1930; x_wconf 88' lang='lat' dir='ltr'>fretum.</span> 
     </span>
     <span class='ocr_line' id='line_1_20' title="bbox 193 1957 830 2026; baseline -0.003 -16"><span class='ocrx_word' id='word_1_125' title='bbox 193 1957 254 2010; x_wconf 79' lang='lat' dir='ltr'>Arte</span> <span class='ocrx_word' id='word_1_126' title='bbox 267 1959 380 2010; x_wconf 71' lang='lat' dir='ltr'>laborate</span> <span class='ocrx_word' id='word_1_127' title='bbox 393 1965 521 2011; x_wconf 86' lang='lat' dir='ltr'>vincuntur</span> <span class='ocrx_word' id='word_1_128' title='bbox 531 1962 561 2009; x_wconf 86' lang='lat' dir='ltr'>ab</span> <span class='ocrx_word' id='word_1_129' title='bbox 571 1977 666 2026; x_wconf 78' lang='lat' dir='ltr'>aequore</span> <span class='ocrx_word' id='word_1_130' title='bbox 677 1975 782 2025; x_wconf 78' lang='lat' dir='ltr'>puppest</span> <span class='ocrx_word' id='word_1_131' title='bbox 827 1969 830 1975; x_wconf 87' lang='lat'>&#39;</span> 
     </span>
     <span class='ocr_line' id='line_1_21' title="bbox 229 2035 752 2105; baseline -0.002 -17"><span class='ocrx_word' id='word_1_132' title='bbox 229 2039 268 2087; x_wconf 90' lang='lat' dir='ltr'>Tu</span> <span class='ocrx_word' id='word_1_133' title='bbox 280 2054 320 2088; x_wconf 84' lang='lat' dir='ltr'>tua</span> <span class='ocrx_word' id='word_1_134' title='bbox 331 2039 384 2105; x_wconf 91' lang='lat' dir='ltr'>plus</span> <span class='ocrx_word' id='word_1_135' title='bbox 397 2042 468 2088; x_wconf 89' lang='lat' dir='ltr'>remis</span> <span class='ocrx_word' id='word_1_136' title='bbox 480 2041 575 2087; x_wconf 85' lang='lat' dir='ltr'>brachia</span> <span class='ocrx_word' id='word_1_137' title='bbox 586 2035 653 2103; x_wconf 83' lang='lat' dir='ltr'>poffe</span> <span class='ocrx_word' id='word_1_138' title='bbox 666 2041 752 2103; x_wconf 81' lang='lat' dir='ltr'>putes?</span> 
     </span>
     <span class='ocr_line' id='line_1_22' title="bbox 194 2104 961 2188; baseline 0.001 -22"><span class='ocrx_word' id='word_1_139' title='bbox 194 2115 271 2176; x_wconf 85' lang='lat' dir='ltr'>Quod</span> <span class='ocrx_word' id='word_1_140' title='bbox 281 2122 363 2183; x_wconf 91' lang='lat' dir='ltr'>cupis,</span> <span class='ocrx_word' id='word_1_141' title='bbox 376 2121 422 2167; x_wconf 89' lang='lat' dir='ltr'>hoc</span> <span class='ocrx_word' id='word_1_142' title='bbox 432 2104 516 2166; x_wconf 45' lang='lat' dir='ltr'>nautae&#39;</span> <span class='ocrx_word' id='word_1_143' title='bbox 521 2130 632 2166; x_wconf 88' lang='lat' dir='ltr'>metuunt</span> <span class='ocrx_word' id='word_1_144' title='bbox 641 2152 649 2177; x_wconf 90' lang='lat'>‚</span> <span class='ocrx_word' id='word_1_145' title='bbox 662 2107 890 2178; x_wconf 81' lang='lat' dir='ltr'>Leandre‚&#39;natare:</span> <span class='ocrx_word' id='word_1_146' title='bbox 920 2125 961 2188; x_wconf 83' lang='lat'>185</span> 
     </span>
     <span class='ocr_line' id='line_1_23' title="bbox 227 2187 837 2261; baseline 0.002 -18"><span class='ocrx_word' id='word_1_147' title='bbox 227 2195 312 2244; x_wconf 85' lang='lat' dir='ltr'>Exitus</span> <span class='ocrx_word' id='word_1_148' title='bbox 322 2198 361 2245; x_wconf 88' lang='lat' dir='ltr'>hic</span> <span class='ocrx_word' id='word_1_149' title='bbox 374 2195 452 2245; x_wconf 66' lang='lat' dir='ltr'>fredis</span> <span class='ocrx_word' id='word_1_150' title='bbox 463 2197 579 2261; x_wconf 81' lang='lat' dir='ltr'>puppibus</span> <span class='ocrx_word' id='word_1_151' title='bbox 591 2193 637 2245; x_wconf 82' lang='lat' dir='ltr'>effe</span> <span class='ocrx_word' id='word_1_152' title='bbox 648 2194 718 2245; x_wconf 85' lang='lat' dir='ltr'>solet.</span> <span class='ocrx_word' id='word_1_153' title='bbox 834 2187 837 2193; x_wconf 44' lang='lat'><strong>¹</strong></span> 
     </span>
     <span class='ocr_line' id='line_1_24' title="bbox 192 2262 896 2341; baseline 0.006 -19"><span class='ocrx_word' id='word_1_154' title='bbox 192 2270 238 2322; x_wconf 87' lang='lat' dir='ltr'>Me</span> <span class='ocrx_word' id='word_1_155' title='bbox 250 2276 377 2324; x_wconf 78' lang='lat' dir='ltr'>miseram!</span> <span class='ocrx_word' id='word_1_156' title='bbox 392 2278 522 2340; x_wconf 70' lang='lat' dir='ltr'>cupio-non</span> <span class='ocrx_word' id='word_1_157' title='bbox 535 2273 690 2341; x_wconf 86' lang='lat' dir='ltr'>persuadere,</span> <span class='ocrx_word' id='word_1_158' title='bbox 707 2273 774 2341; x_wconf 78' lang='lat' dir='ltr'>quod</span> <span class='ocrx_word' id='word_1_159' title='bbox 783 2262 878 2326; x_wconf 76' lang='lat' dir='ltr'>hortos:</span> <span class='ocrx_word' id='word_1_160' title='bbox 893 2299 896 2307; x_wconf 63' lang='grc'><strong>’</strong></span> 
     </span>
     <span class='ocr_line' id='line_1_25' title="bbox 227 2347 845 2419; baseline 0.006 -20"><span class='ocrx_word' id='word_1_161' title='bbox 227 2353 310 2418; x_wconf 84' lang='lat' dir='ltr'>Sisque</span> <span class='ocrx_word' id='word_1_162' title='bbox 320 2370 405 2418; x_wconf 86' lang='lat' dir='ltr'>precor</span> <span class='ocrx_word' id='word_1_163' title='bbox 413 2357 511 2403; x_wconf 88' lang='lat' dir='ltr'>monitis</span> <span class='ocrx_word' id='word_1_164' title='bbox 523 2355 609 2404; x_wconf 88' lang='lat' dir='ltr'>fortior</span> <span class='ocrx_word' id='word_1_165' title='bbox 620 2356 669 2419; x_wconf 88' lang='lat' dir='ltr'>ipse</span> <span class='ocrx_word' id='word_1_166' title='bbox 677 2357 751 2413; x_wconf 77' lang='lat' dir='ltr'>meis3</span> <span class='ocrx_word' id='word_1_167' title='bbox 765 2347 769 2371; x_wconf 70' lang='lat'><em>³</em></span> <span class='ocrx_word' id='word_1_168' title='bbox 841 2396 845 2403; x_wconf 74' lang='grc'><strong><em>,</em></strong></span> 
     </span>
     <span class='ocr_line' id='line_1_26' title="bbox 192 2428 850 2499; baseline 0 -19"><span class='ocrx_word' id='word_1_169' title='bbox 192 2428 340 2481; x_wconf 81' lang='lat' dir='ltr'>Dummodo</span> <span class='ocrx_word' id='word_1_170' title='bbox 350 2435 472 2497; x_wconf 85' lang='lat' dir='ltr'>pervenias</span> <span class='ocrx_word' id='word_1_171' title='bbox 482 2468 490 2492; x_wconf 90' lang='lat'>,</span> <span class='ocrx_word' id='word_1_172' title='bbox 503 2430 713 2499; x_wconf 77' lang='lat' dir='ltr'>extuffaquesaep&#39;e</span> <span class='ocrx_word' id='word_1_173' title='bbox 723 2444 764 2497; x_wconf 86' lang='lat' dir='ltr'>per</span> <span class='ocrx_word' id='word_1_174' title='bbox 775 2430 850 2482; x_wconf 85' lang='lat' dir='ltr'>undas</span> 
     </span>
     <span class='ocr_line' id='line_1_27' title="bbox 228 2508 964 2581; baseline 0.004 -26"><span class='ocrx_word' id='word_1_175' title='bbox 228 2508 322 2572; x_wconf 88' lang='lat' dir='ltr'>injicias</span> <span class='ocrx_word' id='word_1_176' title='bbox 334 2512 439 2559; x_wconf 84' lang='lat' dir='ltr'>humeris</span> <span class='ocrx_word' id='word_1_177' title='bbox 450 2514 545 2561; x_wconf 87' lang='lat' dir='ltr'>brachia</span> <span class='ocrx_word' id='word_1_178' title='bbox 554 2509 610 2560; x_wconf 81' lang='lat' dir='ltr'>laisa</span> <span class='ocrx_word' id='word_1_179' title='bbox 622 2514 689 2559; x_wconf 89' lang='lat' dir='ltr'>meis.</span> <span class='ocrx_word' id='word_1_180' title='bbox 792 2530 794 2535; x_wconf 65' lang='grc'>’</span> <span class='ocrx_word' id='word_1_181' title='bbox 821 2530 823 2535; x_wconf 58' lang='grc'>’</span> <span class='ocrx_word' id='word_1_182' title='bbox 919 2539 964 2581; x_wconf 70' lang='lat'>190</span> 
     </span>
     <span class='ocr_line' id='line_1_28' title="bbox 192 2582 833 2655; baseline 0.009 -23"><span class='ocrx_word' id='word_1_183' title='bbox 192 2582 241 2634; x_wconf 82' lang='lat' dir='ltr'>Sed</span> <span class='ocrx_word' id='word_1_184' title='bbox 249 2588 309 2634; x_wconf 84' lang='lat' dir='ltr'>mihi</span> <span class='ocrx_word' id='word_1_185' title='bbox 322 2622 330 2646; x_wconf 88' lang='lat'>,</span> <span class='ocrx_word' id='word_1_186' title='bbox 348 2589 457 2638; x_wconf 76' lang='lat' dir='ltr'>caeruleas</span> <span class='ocrx_word' id='word_1_187' title='bbox 472 2593 565 2655; x_wconf 87' lang='lat' dir='ltr'>quoties</span> <span class='ocrx_word' id='word_1_188' title='bbox 576 2591 690 2638; x_wconf 81' lang='lat' dir='ltr'>obvertor</span> <span class='ocrx_word' id='word_1_189' title='bbox 700 2587 732 2637; x_wconf 92' lang='lat' dir='ltr'>ad</span> <span class='ocrx_word' id='word_1_190' title='bbox 742 2587 833 2650; x_wconf 83' lang='lat' dir='ltr'>undas,</span> 
     </span>
     <span class='ocr_line' id='line_1_29' title="bbox 227 2662 806 2732; baseline 0.005 -21"><span class='ocrx_word' id='word_1_191' title='bbox 227 2662 316 2714; x_wconf 88' lang='lat' dir='ltr'>Nescio</span> <span class='ocrx_word' id='word_1_192' title='bbox 328 2683 381 2732; x_wconf 85' lang='lat' dir='ltr'>quae</span> <span class='ocrx_word' id='word_1_193' title='bbox 393 2666 506 2732; x_wconf 82' lang='lat' dir='ltr'>pavidum</span> <span class='ocrx_word' id='word_1_194' title='bbox 519 2668 609 2732; x_wconf 84' lang='lat' dir='ltr'>frigora</span> <span class='ocrx_word' id='word_1_195' title='bbox 618 2670 697 2731; x_wconf 68' lang='lat' dir='ltr'>pestus</span> <span class='ocrx_word' id='word_1_196' title='bbox 708 2668 806 2715; x_wconf 82' lang='lat' dir='ltr'>habent.</span> 
     </span>
     <span class='ocr_line' id='line_1_30' title="bbox 191 2731 833 2810; baseline 0.003 -18"><span class='ocrx_word' id='word_1_197' title='bbox 191 2739 246 2792; x_wconf 84' lang='lat' dir='ltr'>Nec</span> <span class='ocrx_word' id='word_1_198' title='bbox 257 2747 336 2793; x_wconf 87' lang='lat' dir='ltr'>minus</span> <span class='ocrx_word' id='word_1_199' title='bbox 349 2746 461 2794; x_wconf 75' lang='lat' dir='ltr'>hesternae</span> <span class='ocrx_word' id='word_1_200' title='bbox 472 2745 609 2794; x_wconf 80' lang='lat' dir='ltr'>confundor</span> <span class='ocrx_word' id='word_1_201' title='bbox 621 2731 725 2810; x_wconf 74' lang='lat' dir='ltr'>imagine</span> <span class='ocrx_word' id='word_1_202' title='bbox 738 2747 833 2806; x_wconf 75' lang='lat' dir='ltr'>nostis,</span> 
     </span>
     <span class='ocr_line' id='line_1_31' title="bbox 226 2821 677 2889; baseline 0.007 -20"><span class='ocrx_word' id='word_1_203' title='bbox 226 2821 343 2881; x_wconf 85' lang='lat' dir='ltr'>Quamvis</span> <span class='ocrx_word' id='word_1_204' title='bbox 356 2824 389 2872; x_wconf 92' lang='lat' dir='ltr'>est</span> <span class='ocrx_word' id='word_1_205' title='bbox 400 2826 469 2872; x_wconf 86' lang='lat' dir='ltr'>sacris</span> <span class='ocrx_word' id='word_1_206' title='bbox 480 2824 522 2872; x_wconf 85' lang='lat' dir='ltr'>illa</span> <span class='ocrx_word' id='word_1_207' title='bbox 534 2827 598 2889; x_wconf 79' lang='lat' dir='ltr'>piata</span> <span class='ocrx_word' id='word_1_208' title='bbox 609 2827 677 2872; x_wconf 67' lang='lat' dir='ltr'>meis,</span> 
     </span>
     <span class='ocr_line' id='line_1_32' title="bbox 191 2891 959 2970; baseline 0.01 -23"><span class='ocrx_word' id='word_1_209' title='bbox 191 2897 306 2965; x_wconf 78' lang='lat' dir='ltr'>Namque</span> <span class='ocrx_word' id='word_1_210' title='bbox 323 2902 366 2949; x_wconf 87' lang='lat' dir='ltr'>sub</span> <span class='ocrx_word' id='word_1_211' title='bbox 378 2901 487 2962; x_wconf 71' lang='lat' dir='ltr'>Aurord,</span> <span class='ocrx_word' id='word_1_212' title='bbox 503 2907 550 2967; x_wconf 82' lang='lat' dir='ltr'>jam</span> <span class='ocrx_word' id='word_1_213' title='bbox 563 2901 710 2952; x_wconf 84' lang='lat' dir='ltr'>dormitante</span> <span class='ocrx_word' id='word_1_214' title='bbox 720 2902 833 2965; x_wconf 70' lang='lat' dir='ltr'>lucerni,</span> <span class='ocrx_word' id='word_1_215' title='bbox 918 2891 925 2954; x_wconf 80' lang='lat' dir='ltr'>r</span> <span class='ocrx_word' id='word_1_216' title='bbox 929 2923 959 2970; x_wconf 84' lang='lat'>95</span> 
     </span>
     <span class='ocr_line' id='line_1_33' title="bbox 226 2978 781 3051; baseline 0.011 -24"><span class='ocrx_word' id='word_1_217' title='bbox 226 2978 345 3044; x_wconf 87' lang='lat' dir='ltr'>(Somnia</span> <span class='ocrx_word' id='word_1_218' title='bbox 353 2997 402 3045; x_wconf 90' lang='lat' dir='ltr'>quo</span> <span class='ocrx_word' id='word_1_219' title='bbox 413 2986 476 3030; x_wconf 89' lang='lat' dir='ltr'>cerni</span> <span class='ocrx_word' id='word_1_220' title='bbox 488 2999 595 3046; x_wconf 88' lang='lat' dir='ltr'>ternpore</span> <span class='ocrx_word' id='word_1_221' title='bbox 605 2999 661 3033; x_wconf 82' lang='lat' dir='ltr'>vera</span> <span class='ocrx_word' id='word_1_222' title='bbox 673 2982 781 3051; x_wconf 88' lang='lat' dir='ltr'>solent,)</span> 
     </span>
     <span class='ocr_line' id='line_1_34' title="bbox 191 3056 773 3126; baseline 0.012 -22"><span class='ocrx_word' id='word_1_223' title='bbox 191 3056 300 3106; x_wconf 79' lang='lat' dir='ltr'>Stamina</span> <span class='ocrx_word' id='word_1_224' title='bbox 310 3056 340 3107; x_wconf 91' lang='lat' dir='ltr'>de</span> <span class='ocrx_word' id='word_1_225' title='bbox 351 3056 432 3122; x_wconf 74' lang='lat' dir='ltr'>digitis</span> <span class='ocrx_word' id='word_1_226' title='bbox 445 3059 548 3109; x_wconf 88' lang='lat' dir='ltr'>cecidere</span> <span class='ocrx_word' id='word_1_227' title='bbox 560 3062 644 3126; x_wconf 87' lang='lat' dir='ltr'>sopore</span> <span class='ocrx_word' id='word_1_228' title='bbox 655 3065 773 3123; x_wconf 85' lang='lat' dir='ltr'>remissis,</span> 
     </span>
     <span class='ocr_line' id='line_1_35' title="bbox 226 3132 725 3205; baseline 0.002 -18"><span class='ocrx_word' id='word_1_229' title='bbox 226 3132 348 3204; x_wconf 85' lang='lat' dir='ltr'>Collaque</span> <span class='ocrx_word' id='word_1_230' title='bbox 359 3138 459 3205; x_wconf 79' lang='lat' dir='ltr'>pulvino</span> <span class='ocrx_word' id='word_1_231' title='bbox 468 3139 546 3190; x_wconf 85' lang='lat' dir='ltr'>nostra</span> <span class='ocrx_word' id='word_1_232' title='bbox 553 3137 651 3191; x_wconf 84' lang='lat' dir='ltr'>ferenda</span> <span class='ocrx_word' id='word_1_233' title='bbox 659 3138 725 3190; x_wconf 86' lang='lat' dir='ltr'>dedi.</span> 
     </span>
     <span class='ocr_line' id='line_1_36' title="bbox 743 3218 796 3284; baseline 0.019 -17"><span class='ocrx_word' id='word_1_234' title='bbox 743 3218 796 3284; x_wconf 81' lang='lat' dir='ltr'>Evj</span> 
     </span>
    </p>
   </div>
   <div class='ocr_carea' id='block_1_3' title="bbox 0 0 1188 3992">
    <p class='ocr_par' dir='ltr' id='par_1_3' title="bbox 0 0 1188 3992">
     <span class='ocr_line' id='line_1_37' title="bbox 0 0 1188 3992; baseline 0 0"><span class='ocrx_word' id='word_1_235' title='bbox 0 0 1188 3992; x_wconf 95' lang='lat' dir='ltr'> </span> 
     </span>
    </p>
   </div>
  </div>
 </body>
</html>
