2367 3992
259 456 304 524 62
365 453 408 521 P.
437 453 622 519 Orrnrr
644 452 870 519 NAsonrre

258 577 302 625 His
313 593 357 641 ego
369 590 391 624 te
402 576 502 629 vitiam,
514 575 611 623 consors
622 572 705 624 Ledaea
716 574 841 639 gemellis,

291 656 401 718 Suspicor
412 655 475 701 :haec
486 653 578 701 Danais
587 649 652 717 poss'e
664 669 749 702 nocere
761 669 829 717 puto.

259 729 360 780 Hectora
370 733 531 796 nescioquem
543 733 627 779 timeo.
639 731 702 779 Paris
714 731 814 780 Hetiora
823 729 885 780 dixit

292 810 375 858 Ferrea
391 807 517 872 sanguinei
528 807 591 856 bella
601 826 698 858 movere
711 827 792 858 manu.

213 892 240 942 σς
261 881 378 944 Hedum,
391 888 496 950 quisquis
507 889 526 934 ir
536 886 585 944 est,
602 891 620 935 si
633 904 684 936 sum
694 889 737 936 ribi
748 904 819 947 cara,
830 902 933 939 caveto:

292 966 416 1028 Signatum
432 966 534 1013 memori
552 967 645 1028 pectore
662 982 751 1014 nornen
765 967 835 1015 habe.

259 1041 329 1091 Hunc
341 1042 380 1090 ubi
391 1041 472 1092 vitricia
482 1077 490 1101 ,
501 1043 560 1091 aiios
568 1045 643 1090 vitare
652 1059 774 1093 memento
786 1062 793 1092 e

292 1120 322 1168 Et
332 1119 422 1168 multos
433 1119 484 1168 iilic
495 1121 607 1169 Hestores
618 1118 664 1169 effe
677 1138 743 1186 puta.

260 1199 292 1248 Er
301 1198 374 1248 facito
386 1196 466 1257 dicas,
483 1202 577 1264 quoties
587 1216 691 1264 pugnare
702 1201 793 1265 parabis
798 1209 814 1262 ,'

213 1300 248 1344 70
295 1278 391 1326 Parcere
401 1295 440 1326 me
449 1280 518 1341 jussit
528 1276 659 1326 Laodamia
669 1280 722 1328 sibi.

262 1356 286 1404 Si
297 1354 381 1405 cadere
391 1355 505 1420 Argolico
516 1355 550 1405 fas
561 1356 594 1421 est
603 1357 645 1405 sub
656 1357 734 1405 milite
745 1359 862 1425 Troiam,

295 1434 331 1482 Te
341 1451 437 1500 quoque
446 1451 495 1483 non
503 1432 581 1481 ullum
590 1433 676 1482 vulnus
688 1436 789 1485 habente
799 1473 806 1496 ‚
821 1435 904 1486 cadat.v

262 1511 371 1575 Pugnet,
384 1516 408 1561 &
424 1509 532 1561 adversos
547 1509 629 1560 tendat
641 1513 765 1563 Menelair's
780 1519 805 1564 in
818 1517 914 1578 hostee,

296 1590 330 1638 Ut
342 1593 417 1653 rapiat
427 1588 520 1648 Paridi,
533 1606 606 1656 quarn
617 1592 679 1640 Paris
693 1608 747 1642 ante
761 1596 813 1642 sibi.

215 1693 243 1740 75
263 1667 356 1724 irruat,
370 1672 411 1726 &,
423 1667 494 1716 caueri
503 1683 575 1734 quern
583 1672 659 1719 vincit
666 1705 677 1730 ,>
685 1674 766 1722 vincar
778 1676 802 1721 ὅ(
811 1675 899 1720 armise

295 1745 406 1794 Hostibus
417 1763 429 1794 e
442 1746 527 1796 mediis
536 1763 611 1813 nupta
622 1748 724 1814 petenda
734 1754 786 1800 viro
802 1751 842 1799 est.

264 1824 342 1876 Causa
353 1840 393 1874 rua
402 1825 434 1874 est
441 1823 519 1892 dispar
527 1845 533 1874 ι
542 1841 567 1876 tu
577 1828 671 1877 rantirm
681 1833 760 1880 vivere
770 1845 864 1894 pugna,

296 1903 370 1970 Inque
381 1909 432 1969 pios
443 1903 621 1972 dominae'poffe
631 1907 707 1958 redire
718 1913 790 1958 sinus.

264 1985 373 2043 Parcite,
385 1984 543 2041 Dardanide,
554 1984 584 2035 de
595 2001 647 2043 tor,
660 2004 744 2053 precor
752 2021 764 2047 ‚
772 1986 877 2036 hostibus
887 1984 948 2046 um’3

216 2057 247 2105 ⁸0
297 2064 334 2112 Ne
346 2081 412 2112 meus
423 2081 451 2112 ex
462 2064 506 2113 illo
518 2082 617 2129 corpore
628 2068 721 2131 sanguis
732 2081 780 2116 eat.

265 2143 322 2192 Non
337 2143 370 2190 est
381 2177 390 2202 ‚
402 2159 473 2208 quem
485 2142 792 2194 dccearnudoeoncurrere
803 2144 865 2192 ferro
872 2176 885 2202 ,

296 2223 408 2286 Senaque
418 2225 444 2269 in
455 2224 577 2285 oppositos
588 2224 682 2284 pedore
694 2221 754 2269 ferre
765 2225 838 2270 viros.

264 2301 357 2350 Fortius
367 2298 409 2346 ille
420 2299 513 2362 potest,
528 2297 669 2347 multoctim
680 2313 770 2363 pugnat
782 2315 872 2346 amore.

297 2378 363 2428 Bella
373 2390 456 2442 gerant
468 2378 524 2436 alii,
537 2375 678 2426 Protesilaus
690 2391 762 2424 amer.

216 2439 247 2501 ⁸¹5
266 2457 337 2507 Nunc
348 2456 423 2505 fateor
432 2475 439 2516 5
448 2456 515 2505 volui
525 2473 650 2517 revocare,
662 2459 800 2520 animusque
809 2455 915 2503 ferebat:

298 2536 404 2584 Substitit
416 2536 512 2600 auspicii
523 2536 605 2601 lingua
615 2539 702 2584 timere
712 2535 780 2584 mali.

265 2613 331 2665 Cim
346 2613 437 2664 foribus
451 2614 525 2664 vellet
536 2613 566 2663 ad
578 2616 680 2681 Troiam
693 2617 754 2663 exire
766 2616 886 2679 paternis,

297 2695 340 2742 Pes
358 2708 410 2743 tuus
421 2693 514 2745 offenso
525 2694 608 2743 limine
621 2697 688 2760 signa
697 2691 773 2742 dedit.

264 2771 300 2820 Ut
308 2771 372 2832 vidi,
385 2777 507 2839 ingemui,
517 2778 638 2839 tacitoque
648 2778 674 2823 in
686 2776 778 2838 periore
787 2771 835 2821 diri
845 2789 852 2819 z

216 2857 255 2905 ,Φ
298 2850 369 2911 Signa
378 2854 491 2899 reversuri
506 2856 552 2899 sint
561 2885 569 2910 ‚
582 2867 684 2914 precor,
694 2851 736 2897 ista
746 2850 805 2896 viri!

265 2925 322 2975 Haec
333 2926 379 2973 tibi
387 2943 449 2975 nunc
460 2927 553 2984 refero,
565 2942 594 2972 ne
604 2928 634 2972 sie
646 2925 765 2972 animosus
781 2925 805 2967 in
818 2924 905 2969 armis:

298 3005 344 3052 Fac
355 3020 421 3051 meus
433 3008 459 3052 in
472 3015 555 3053 ventes
566 3004 604 3048 hic
616 3003 689 3048 timor
700 3000 778 3048 omnis
787 3012 833 3047 eat.

252 3133 256 3138 ,
267 3086 322 3136 Sors
331 3098 429 3148 quoque
440 3083 519 3131 nescio
529 3096 601 3146 quem
609 3078 660 3127 fato
668 3076 776 3143 designat
789 3079 872 3141 iniquo
880 3110 894 3136 ,

301 3162 349 3229 Qui
357 3158 564 3230 primueDanatim
574 3155 762 3224 Troadatangat·
769 3159 885 3207 humum.
