2367 3992
275 466 403 541 liunt
435 472 487 541 ΙΙ.
522 467 689 541 ErebrA
736 470 806 537 ΙΙΙ.
850 491 913 559 153

197 591 242 643 Sic
255 595 303 658 tibi,
316 596 408 658 semper
419 595 496 643 honos
507 627 516 653 ,
528 595 562 642 sie
577 608 647 645 curra
656 589 750 657 peculia
760 591 877 641 crescente

234 659 292 721 Haec
304 671 370 726 face,
381 676 405 720 ὃ(
418 674 502 736 exiguo
513 685 621 736 tempore
632 671 693 719 liber
704 673 761 718 eris«

198 750 292 814 Aspicis
302 748 420 799 indicibus
429 766 498 798 nexas
509 762 552 815 per
560 749 625 798 colla
636 762 730 798 catenas
741 763 748 796 a
821 738 829 752 ⁹

235 824 361 892 Squalidus
371 829 429 876 orba
437 826 484 876 fide
495 831 589 892 pedore
600 843 679 876 carcer
688 827 769 875 habet.

199 905 295 979 Qua-‚rit
306 921 378 973 aquas
391 908 416 953 in
427 908 493 971 aquis
500 940 508 965 ,
521 910 626 970 &poma
638 904 731 970 fugacia
742 915 824 968 captat

235 982 351 1032 Tantalus
363 1002 369 1031 z
381 985 427 1032 hoc
439 983 477 1033 illi
487 983 581 1048 garrula
595 984 676 1048 lingua
686 980 762 1031 dedit.

199 1058 269 1108 Dum
280 1059 384 1109 nimium
397 1063 472 1121 servet
485 1062 561 1111 custos
571 1062 687 1126 Iunonius
696 1062 743 1121 Io,

234 1138 296 1186 Ante
307 1139 361 1186 suos
372 1155 446 1187 annos
458 1137 563 1197 occidit3
574 1139 616 1187 illa
626 1139 677 1189 Dea
689 1138 730 1188 est.

199 1214 261 1265 Vidi
272 1232 318 1280 ego
329 1213 486 1281 compedibus
496 1216 596 1266 liventia
603 1232 671 1265 cntra
680 1230 818 1280 gerentem,

235 1283 307 1342 Unde
317 1298 355 1342 vir
365 1294 480 1342 incestum
492 1295 550 1342 scire
562 1295 655 1343 madius
668 1308 727 1342 erat.

199 1366 277 1421 Poena
288 1374 370 1423 minor
380 1374 467 1420 morito
480 1391 486 1421 r
497 1374 582 1420 nocuit
594 1372 659 1421 mala
669 1370 752 1436 lingua
762 1369 855 1421 duobus
866 1389 872 1420 ι

235 1449 279 1498 Vir
290 1448 384 1509 doluit,
394 1449 464 1498 fama:
473 1447 561 1498 damna
570 1450 650 1515 puella
661 1448 727 1498 tulit.

200 1524 284 1577 Crede
300 1531 359 1576 mihi
369 1562 377 1588 ‚
390 1529 452 1576 nulli
462 1530 516 1578 sunt
527 1532 628 1578 crimina
636 1543 703 1594 grata
713 1530 817 1577 marito:

238 1605 289 1653 Nec
301 1623 458 1672 quemquam,
474 1609 583 1672 quamvis
600 1605 681 1656 audiat
698 1607 755 1666 iila,
770 1610 864 1672 juvant.

201 1684 250 1732 Seu
262 1698 326 1748 repet
337 1715 346 1744 ,
356 1683 473 1734 indicium
484 1687 574 1733 securas
584 1683 663 1750 perdis
671 1684 702 1734 ad
709 1702 790 1745 aures3

239 1763 291 1811 Sive
302 1776 380 1821 amat,
394 1761 484 1812 indicio
499 1761 527 1810 fit
536 1765 606 1810 miser
616 1763 658 1810 ille
668 1777 719 1811 tuo.

202 1839 285 1904 Culpa
296 1856 339 1888 nec
351 1857 378 1888 ex
389 1840 473 1900 facili,
484 1843 593 1905 quamvis
604 1839 728 1888 manifesta
737 1840 882 1906 ‚probatur¹

237 1916 325 1967 Judicis
335 1918 378 1966 illa
389 1920 424 1981 sui
435 1933 487 1966 tuta
501 1917 582 1966 favore
594 1920 670 1966 venit.

202 1992 363 2065 Videriripse
382 1995 453 2054 licet,
472 1993 553 2044 credet
564 2009 647 2043 tamen
658 1995 706 2059 ipse
716 1998 828 2060 neganti:

240 2074 419 2138 Damnabitque
430 2072 530 2132 oculos,
543 2076 567 2120 δι
580 2073 624 2121 sibi
634 2073 706 2121 verba
716 2070 791 2122 dabir.

201 2152 309 2216 Aspiciat
325 2149 431 2203 dominae
442 2150 557 2214 lacrymas
567 2148 691 2215 ,plorabit
702 2155 727 2200 δι
738 2153 805 2217 ipses

238 2229 269 2278 Er
281 2227 366 2296 dicet,
377 2229 460 2278 Poenas
474 2228 580 2294 garrulus
592 2229 633 2278 iste
650 2227 726 2279 dabir.

204 2307 287 2367 Quim
299 2306 378 2372 dispar
390 2321 509 2356 certamen
518 2308 580 2356 inis!
595 2309 638 2356 tibi
648 2308 745 2358 verbera
755 2309 818 2358 vido

239 2382 347 2434 Adsunt:
359 2387 385 2433 in
395 2388 488 2450 gremio
499 2384 584 2451 judicis
595 2385 638 2434 ill'a
648 2384 721 2435 sedet.

202 2461 265 2512 Non
274 2464 348 2512 scelus
360 2463 527 2529 aggredimur:
539 2480 588 2513 non
602 2460 633 2512 ad
644 2462 765 2523 miscenda
780 2462 873 2512 co‘r'mus

239 2540 331 2590 Toxica
342 2561 347 2590 ε
359 2559 409 2592 non
420 2543 499 2592 stricto
509 2537 623 2591 Fulminat
633 2543 687 2590 ense
698 2553 791 2590 manus.

202 2618 358 2680 Quaerimus,
373 2636 400 2670 ut
412 2619 465 2671 turb
475 2637 518 2686 per
533 2635 555 2668 te
570 2623 687 2685 possimus
698 2635 786 2667 amare.

238 2695 305 2761 Quid
312 2701 421 2764 precibus
436 2700 520 2750 nostris
534 2698 633 2748 mollius
648 2695 695 2750 effe
705 2695 781 2764 potest
788 2699 801 2729 ³
897 2683 899 2686 ’

506 2909 627 3005 ’Μ’
