2367 3992
374 356 711 424 CouaorArro.
852 373 918 439 317

230 475 326 526 Fortior
336 491 362 526 ut
373 481 447 542 possis
458 474 566 526 cladibus
576 473 623 524 eise
635 478 690 524 tuis.

197 553 296 604 Occidit
306 555 442 620 exemplum
454 559 545 619 juvenis
555 553 692 602 venerabile
702 567 812 601 morum:
892 595 895 600 ,

229 633 352 681 Maximus
362 634 403 682 ilic
414 635 486 682 amris
498 668 505 690 ,
519 637 638 681 maximus
653 632 695 679 ille
707 630 774 696 rogi.

195 708 240 758 Ille
258 708 333 758 modb
347 714 433 775 eripuit
451 710 579 759 latebrosas
592 710 699 759 hostibus
714 710 800 774 Alpes,
941 721 967 768 15

229 788 261 837 Et
276 789 372 837 tituium
384 789 442 837 belli
453 786 522 848 dux,
537 786 597 838 duce
613 788 702 847 fratrc,
719 788 783 836 tulit.

194 864 240 914 Iilc
252 882 324 930 genus
335 868 423 916 Suevos
434 883 504 926 atre,
518 865 699 931 indomitosque
710 865 852 928 Sycambros

228 941 368 1003 Contudit,
391 948 463 1010 inque
475 945 556 1008 fugam
566 946 668 993 barbara
679 960 745 1009 terga
756 941 839 993 dedit:

194 1019 356 1087 Ignotumque
371 1024 415 1069 tibi
430 1025 535 1080 meruit,
553 1023 679 1079 Romane,
693 1024 861 1086 triumphum

229 1100 333 1148 Protulit
349 1103 374 1147 in
386 1114 458 1147 terras
469 1101 644 1164 imperiumque
656 1115 738 1147 novas.
936 1127 966 1160 20

194 1177 292 1225 Soiterc
312 1192 370 1226 vota
385 1177 455 1233 iovi,
473 1176 579 1224 satorum
595 1179 676 1240 ignara
688 1192 786 1226 tuorum
920 1179 923 1184 '

227 1255 325 1314 Mater,
344 1259 367 1303 bc
383 1255 500 1304 armiferae
514 1255 604 1305 solvere
613 1271 671 1303 vota
681 1255 755 1313 Deae,

192 1331 374 1399 Gradivumque
385 1349 476 1398 patrem
488 1330 558 1382 donis
574 1333 674 1398 impiere
687 1334 801 1398 parabam

228 1409 259 1458 Et
278 1427 441 1476 quoscumque
458 1411 506 1460 coli
517 1416 601 1477 jusque
611 1415 725 1477 piumque
741 1410 815 1478 Deos.

187 1489 354 1555 ‘Materurique
376 1492 454 1539 sacros
472 1493 576 1555 agitabas
598 1507 678 1540 mente
696 1492 848 1555 triumphos:
935 1510 963 1559 25

226 1569 335 1616 forsitan
349 1572 373 1616 &
391 1585 452 1616 curae
462 1573 511 1632 jam
524 1570 567 1616 tibi
578 1586 660 1617 currus
670 1585 729 1618 erat.

192 1647 285 1696 Funera
303 1664 347 1710 pro
366 1648 435 1693 sacris
453 1647 496 1693 tibi
508 1647 562 1694 sunt
578 1645 688 1694 ducenda
704 1648 846 1709 triumphis,

226 1725 257 1772 Et
277 1723 383 1773 tumulus
396 1722 500 1771 Drusum
511 1739 556 1787 pro
566 1723 632 1772 iovis
642 1738 695 1771 arcc
703 1736 793 1770 manet.

192 1803 308 1867 Fingebat
327 1799 440 1851 reducem
451 1835 460 1860 ‚
470 1815 635 1865 praeceptaquc
645 1815 725 1848 mente
739 1798 837 1848 fovebat

226 1878 336 1936 Gaudia;
349 1883 374 1928 δι
389 1893 444 1928 ante
457 1877 541 1927 oculos
551 1882 602 1943 jam
614 1880 740 1926 tibiviuor
754 1891 812 1926 crat.
933 1895 963 1938 30

190 1959 246 2008 Jam
260 1962 339 2007 veniet
350 1975 357 2005 t
370 1963 419 2023 jam
436 1975 475 2006 me
487 1972 622 2022 gratantcm
633 1959 702 2006 turba
714 1953 821 2005 videbit:

225 2037 279 2084 iam
290 2038 350 2084 mihi
362 2053 405 2100 pro
421 2035 500 2084 Druso
514 2033 578 2085 dona
590 2032 687 2084 ferenda
698 2052 763 2084 mco.

191 2113 271 2163 Obvia
282 2112 437 2178 progrediar,
450 2112 553 2179 felixque
565 2131 607 2178 pcr
617 2111 706 2178 oppida
719 2111 800 2170 dicar3

225 2190 345 2256 Collaque
358 2196 382 2240 δι
395 2193 441 2240 hoc
457 2191 541 2240 oculos
552 2192 617 2241 iliius
629 2210 671 2242 ore
681 2208 799 2257 premam.

192 2269 259 2319 Talis
274 2273 318 2318 erit
331 2289 337 2318 :
349 2273 382 2318 sic
393 2284 502 2319 occurret
515 2288 521 2318 t
533 2273 565 2319 tic
577 2271 660 2319 oscula
671 2274 754 2335 junget
762 2289 780 2320 ε,
931 2292 958 2342 35

226 2348 280 2396 Hoc
294 2351 354 2397 mihi
367 2349 489 2397 narrabit:
502 2352 534 2395 sic
546 2351 611 2411 prior
622 2351 671 2412 ipsa
683 2349 777 2412 loquar.

191 2425 285 2475 Gaudia
298 2443 359 2475 vana
378 2426 444 2474 foves
456 2444 462 2472 ι
476 2428 541 2488 spem
550 2442 630 2489 pone,
642 2427 789 2486 miserrima,
800 2425 894 2481 salsam.

222 2505 311 2551 Desine
322 2501 351 2551 de
362 2503 442 2550 Druso
455 2501 509 2550 iaeta
523 2503 610 2551 referre
623 2518 674 2552 tuo.

190 2581 291 2632 Caesaris
301 2577 364 2628 illud
373 2595 432 2644 opus
444 2614 452 2638 ‚
464 2583 518 2628 voti
528 2597 581 2645 pars
592 2581 666 2630 altera
675 2581 761 2641 vestri,

224 2654 322 2706 Occidit
332 2654 472 2720 chadigam,
484 2657 566 2717 Livia,
581 2658 648 2708 solve
660 2676 751 2709 comas.
926 2672 958 2716 40

191 2732 258 2798 Quid
275 2735 319 2783 tibi
333 2749 396 2782 nuuc
407 2751 486 2783 mores
496 2737 609 2799 prosunt?
628 2739 753 2803 astumque
764 2739 851 2805 pudici

224 2815 303 2863 Omne
317 2828 408 2868 aevum.
426 2815 452 2861 δι
467 2828 535 2863 tanto
549 2829 599 2864 tam
609 2814 723 2880 placuisse
739 2820 810 2869 viro?

191 2889 304 2956 Quidque
318 2888 432 2955 pudicitia
442 2906 535 2941 tantum
546 2892 663 2943 inviolata
673 2896 793 2947 bonorum
803 2931 814 2959 ,

223 2967 317 3016 Ultima
337 2970 367 3016 sit
385 2966 466 3016 laudes
485 2971 546 3019 iuter
557 2986 583 3019 ut
594 2970 637 3020 illa
650 2978 719 3023 tuaci
878 2963 879 2967 Ἰ

191 3043 258 3110 Quid
267 3043 366 3096 tenuisse
373 3048 481 3096 animum
491 3062 575 3099 contra
585 3050 626 3100 sua
636 3050 714 3101 secula
726 3055 837 3104 retium?
924 3047 954 3095 45

719 3130 779 3196 Oiij
