2367 3992
223 493 281 548 nn
309 431 426 547 Asin
448 475 641 544 Annum
662 476 700 544 L.
718 477 770 544 ΙΙ.
805 498 873 563 249

188 619 227 651 um
241 605 301 651 vires
313 604 415 665 annique
426 602 523 658 sinunt,
538 598 639 648 tolerate
650 598 743 648 labores
755 615 762 645 r

192 679 245 728 Jam
260 683 339 728 veniet
357 681 429 726 tacito
448 694 518 726 curva
535 679 626 726 senecia
637 674 706 742 pede.
880 685 927 737 670

188 772 208 804 tt
218 773 283 804 marc
291 758 400 820 ‚remigiis
413 789 421 815 ,
438 770 480 804 aut
493 772 589 804 vomere
602 753 686 804 findite
697 769 787 812 terras3

192 835 240 882 Aut
250 833 299 881 fera
308 833 431 896 belligeras
440 829 520 880 addite
528 835 553 880 in
566 849 632 881 arma
643 849 727 881 manus
738 849 746 888 5

188 927 207 959 tt
217 910 293 969 latus,
307 915 331 958 δε
343 914 404 959 vires
414 945 421 969 ,
431 927 574 976 operamque
585 909 669 959 afferte
676 910 772 975 puellis.

192 988 246 1037 Hoc
265 1005 360 1053 quoque
370 988 463 1036 miliriae
474 989 506 1036 est
518 1005 525 1045 3
536 991 583 1037 hoc
595 1005 691 1054 quoque
702 991 789 1055 quaerit
798 1005 865 1052 opes.

188 1063 243 1124 lde,
259 1063 325 1131 quod
333 1066 418 1114 estillis
428 1083 529 1129 operum
537 1065 662 1130 prudentia
672 1072 766 1133 maj0r3
877 1076 922 1127 675

191 1144 297 1193 Solus&
312 1143 412 1192 artifices
430 1147 471 1208 qui
484 1142 557 1203 facit,
573 1146 627 1192 usus
638 1142 710 1193 adest.
757 1176 759 1178 -

190 1239 208 1270 τε
226 1222 353 1270 munditiis
367 1237 483 1282 annorum
495 1219 582 1269 damna
592 1219 740 1285 rependunt,

191 1300 221 1349 Et
239 1301 333 1348 faciunt
343 1298 414 1358 curti,
430 1316 459 1348 ne
469 1296 594 1348 videantur
605 1315 672 1347 anus.

188 1394 240 1443 tque
252 1377 333 1435 velis,
353 1378 468 1424 Venerem
481 1381 583 1441 jungunt
595 1393 636 1440 per
652 1376 720 1427 mille
734 1375 835 1442 figuras:

192 1455 301 1503 Inveniat
315 1454 393 1518 plures
404 1454 470 1502 nulla
481 1455 568 1502 tabella
577 1452 674 1504 modos.
878 1453 926 1500 ⁶80

191 1535 209 1580 is
219 1533 320 1580 sentitur
333 1549 382 1580 non
393 1535 483 1581 irritata
497 1531 623 1596 voluptas:

192 1608 265 1670 Quod
275 1614 360 1674 juvet,
374 1627 401 1658 ex
413 1627 480 1676 aequo
492 1609 581 1658 femina
590 1613 674 1676 virque
686 1612 777 1665 serant:

188 1685 207 1736 li
218 1689 358 1736 concubitus
370 1723 378 1742 ,
394 1692 435 1753 qui
446 1705 495 1737 non
506 1704 634 1753 utrumque
644 1691 781 1740 resolvuntr

192 1767 255 1829 Hinc
265 1767 298 1815 est
309 1802 316 1826 ‚
329 1783 370 1816 cur
379 1769 445 1830 pueri
455 1781 537 1830 tangar
548 1783 629 1814 amore
640 1767 728 1816 miutls.

188 1844 208 1895 li
223 1863 276 1913 quae
287 1849 375 1911 prebet
387 1879 395 1905 ,
408 1832 463 1909 quin
474 1846 505 1892 sit
516 1845 619 1909 praebere
629 1843 737 1902 necesse,
878 1843 922 1905 685

193 1926 306 1989 Siccaque
315 1922 346 1972 rle
361 1923 415 1971 lana
425 1925 516 1986 cogitat
527 1923 576 1986 ipsa
587 1921 638 1971 sui.

188 2019 219 2050 uae
230 2001 299 2051 datur
309 2000 407 2059 officio,
418 2001 511 2049 nonest
522 2002 583 2050 mihi
595 2016 663 2066 grata
672 2000 798 2067 voluptas:

192 2078 306 2129 Officium
318 2079 391 2128 faciat
403 2079 469 2128 nulla
479 2078 559 2143 puella
570 2083 640 2128 mihi.
810 2074 813 2078 ’

190 2175 282 2208 evoces
294 2156 374 2207 audire
386 2162 452 2222 juvat
460 2159 500 2205 sua
513 2156 599 2222 gaudia
608 2155 689 2206 saffasr

190 2236 273 2302 thue
291 2253 369 2284 morer
380 2252 470 2284 memet
481 2270 490 2295 ,
502 2235 690 2302 sustineamque,
702 2253 779 2304 roget.
878 2235 926 2282 ⁶9³

188 2317 278 2380 'piciam
290 2313 394 2364 dominre
404 2317 478 2364 vinos
490 2319 590 2364 amentis
602 2315 693 2365 ocellos
703 2335 710 2366 r

191 2396 327 2459 Languent,
341 2398 365 2442 δι
383 2397 448 2458 tangi
464 2395 486 2443 se
498 2408 562 2444 vetet
574 2394 617 2443 illa
629 2392 680 2444 diu.

188 2489 216 2521 ec
227 2473 347 2520 bouanon
356 2475 439 2536 prime
450 2473 533 2520 tribuit
543 2487 627 2520 natura
635 2476 755 2536 juveutae,

192 2551 251 2612 Quae
262 2550 312 2600 cini
320 2551 371 2615 post
383 2552 472 2615 septem
482 2550 551 2598 lustra
565 2553 645 2599 venire
660 2550 745 2598 solent.

188 2632 208 2677 ui
220 2644 422 2693 properantmova
432 2628 507 2676 musta
515 2628 613 2677 bibant:
623 2630 683 2676 mihi
691 2626 776 2677 fundat
785 2629 923 2684 avitum695

192 2705 340 2758 Consulibus
352 2708 431 2769 priscis
444 2704 542 2754 condita
558 2705 615 2780 resta
629 2722 731 2754 merum.

188 2801 211 2832 ec
223 2784 352 2848 platanus,
364 2786 408 2831 nisi
418 2785 483 2844 sera,
495 2784 570 2848 potest
582 2784 693 2833 obsistere
705 2775 796 2834 Phoebo
805 2803 818 2832 ι,

191 2861 224 2911 Et
235 2859 327 2910 laedunt
339 2859 417 2909 nudos
426 2877 492 2926 prata
503 2862 599 2912 novella
611 2861 690 2927 pedes.

189 2940 256 2990 ilicet
268 2941 415 2989 Hermionen
426 2940 522 2989 Helenae
532 2957 668 3006 ptaeponere
678 2939 773 3006 polles?

191 3018 222 3067 Et
233 3018 319 3067 melior
331 3019 429 3082 Gorge,
442 3017 516 3082 quim
527 3021 567 3068 sua
578 3036 668 3076 mater,
678 3025 743 3070 erat?
876 3026 927 3070 70⁰

188 3094 197 3145 l
209 3097 325 3146 Venerem
338 3099 483 3162 quicumque
493 3097 560 3146 voles
570 3103 686 3164 attingere
697 3100 786 3157 seram3

188 3176 214 3225 Si
225 3173 302 3226 modb
313 3174 403 3226 duratis
415 3209 424 3236 ‚
435 3177 533 3240 premia
543 3173 616 3241 digna
626 3176 695 3226 seres.

734 3254 779 3304 Lr
