2367 3992
291 472 563 542 RnnnnrA
588 468 820 540 Aaronrs.
853 475 920 556 287

202 589 287 659 Nuper
306 595 472 643 enimnoliros
485 592 586 659 quidam
604 595 709 657 carpsere
725 591 838 652 libellus,

239 672 348 731 Quorum
361 672 459 728 censuri
469 673 539 721 Musa
551 687 664 736 proterva
675 687 729 719 mea
739 670 781 719 est.

205 747 349 800 Dummodo
361 754 393 800 sic
404 750 511 815 placeam
523 784 532 810 ,
545 748 604 799 dum
615 765 668 798 toto
679 763 760 797 canter
773 750 799 796 in
809 747 867 796 orbe
880 764 888 806 3

239 826 312 888 Quod
323 828 390 877 volet
403 861 411 888 ,
427 832 568 894 impugnent
579 845 639 877 unus
655 828 752 877 &alter
766 841 835 892 opus.

205 904 332 970 Ingenium
345 909 427 971 magni
440 905 552 956 detreClat
565 908 637 955 Livor
649 907 761 955 Homeri:
930 921 973 974 365

240 982 353 1050 Quisquis
368 1001 409 1044 es,
420 1002 449 1034 ex
456 984 517 1045 illo,
530 983 619 1044 Zoile‚
630 1001 719 1034 nomen
730 983 811 1032 habes.

204 1060 238 1111 Et
254 1077 295 1111 tua
308 1063 425 1127 sacrilege
442 1062 563 1112 laniarunt
573 1067 679 1113 carmina
695 1063 803 1128 linguae,

240 1138 343 1188 Pertulit
353 1142 400 1189 huc
417 1143 509 1199 villos,
525 1158 575 1205 quo
591 1139 664 1198 duce,
685 1140 760 1195 Tema
774 1140 850 1189 Deos.

205 1218 308 1266 Summa
318 1220 378 1281 petit
391 1218 479 1267 Livor:
490 1216 593 1282 perflant
603 1219 719 1266 altissima
728 1219 812 1274 venti3

241 1297 340 1343 Summa
351 1311 436 1360 petunt
450 1293 533 1344 dextri
543 1295 647 1344 fulmina
659 1292 729 1344 miffa
739 1296 813 1344 lovis.
931 1293 978 1338 37⁰

205 1373 241 1424 At
262 1387 309 1433 tu,
328 1377 474 1439 quicumque
487 1390 527 1432 es,
544 1390 617 1439 quem
635 1373 713 1421 nostra
723 1372 820 1421 licentia
830 1368 912 1430 laedit3

244 1452 269 1499 Si
288 1452 363 1515 sapis,
374 1450 405 1501 ad
417 1467 530 1500 numeros
539 1455 605 1516 exige
618 1449 724 1517 quidque
735 1453 799 1501 suos,

208 1528 291 1578 Fortia
303 1529 409 1579 Maeonio
420 1528 525 1594 gaudent
536 1528 596 1595 pede
609 1530 672 1579 bella
681 1529 764 1578 referri
776 1547 783 1578 e
798 1535 800 1538 “

242 1605 343 1655 Deliciis
360 1608 413 1656 illic
425 1611 478 1673 quis
490 1608 556 1657 locus
570 1606 616 1656 effe
626 1608 721 1673 potest?

207 1680 307 1733 Grande
316 1686 402 1734 sonant
413 1686 525 1750 Tragici:
536 1689 639 1750 tragicos
648 1687 717 1735 decet
727 1689 900 1739 iracothurnot
913 1708 919 1737 ι
934 1702 976 1748 375

243 1761 333 1810 Usibus
348 1779 360 1810 e
378 1761 463 1810 mediis
475 1765 558 1811 soccus
568 1762 691 1812 habendus
703 1767 755 1812 erit.

209 1840 283 1890 liber
294 1843 319 1889 in
330 1838 439 1891 adversos
450 1842 528 1890 hostes
536 1841 663 1906 stringatur
674 1842 787 1901 Iambus3

244 1921 291 1968 Seu
302 1917 384 1979 celer,
402 1934 535 1969 extremum
547 1921 586 1968 seu
599 1921 677 1968 trahat
687 1919 729 1968 ille
740 1917 837 1985 pedem.

188 2029 190 2034 ·
209 1995 303 2047 Blanda
317 1999 465 2062 pharetratos
473 1997 556 2062 Elegia
571 2013 652 2046 cantet
663 2002 776 2048 Amores:

244 2075 277 2125 Er
295 2075 353 2126 levis
368 2077 468 2126 arbitrio
483 2073 551 2125 ludat
566 2079 644 2124 amica
655 2077 707 2125 suo.
937 2073 982 2135 380

210 2152 360 2205 Callimachi
374 2158 480 2205 numeris
491 2171 540 2205 nott
551 2154 584 2204 est
595 2153 710 2224 dicendus
721 2155 841 2206 Achilles:
928 2148 935 2161 ²

246 2230 358 2298 Cydippe
377 2249 426 2282 non
441 2233 473 2282 est
488 2235 550 2292 oris,
564 2233 685 2293 uomere,
699 2237 742 2284 rui.

213 2309 274 2372 Quis
287 2311 347 2361 ferat
362 2310 540 2362 Andromaches
552 2328 705 2378 peragentem
718 2313 813 2364 Thaida
823 2317 915 2380 partes?

247 2391 349 2450 Peccar‚
363 2394 389 2440 in
400 2388 567 2446 Andromache
579 2389 675 2440 Thaida
685 2395 704 2440 si
716 2396 768 2457 quis
778 2408 842 2458 agat.

215 2467 290 2517 Thais
301 2471 327 2517 in
342 2483 390 2518 arte
403 2469 458 2519 mel
469 2489 476 2518 t
488 2470 583 2519 lascivia
594 2468 668 2517 libera
680 2470 758 2518 nostra
768 2472 810 2519 est.
937 2476 980 2537 385

248 2545 291 2594 Nil
303 2549 365 2594 mihi
374 2563 430 2595 eum
441 2551 502 2596 vitta
512 2565 518 2595 t
528 2548 604 2596 Thais
614 2550 640 2595 in
651 2562 700 2596 arte
708 2564 761 2596 mea
771 2547 813 2597 est·

214 2626 240 2674 Si
256 2641 309 2672 mea
325 2628 429 2673 materiae
445 2622 571 2689 respondet
583 2626 654 2674 Musa
662 2626 768 2689 jocosae,

249 2703 374 2760 Vicimus,
391 2702 482 2752 &falsi
496 2705 604 2751 criminis
614 2705 664 2751 adia
675 2719 714 2751 rea
729 2703 770 2753 est.

215 2784 337 2844 Rumpere
345 2815 353 2839 ‚
362 2781 433 2831 Livor
440 2780 500 2831 edax
509 2800 514 2829 =
523 2785 572 2847 jam
580 2798 696 2846 magnum
706 2798 797 2832 nomen
804 2782 932 2837 hahemus:

250 2861 331 2919 Maius
344 2863 389 2909 erit
401 2878 409 2920 3
422 2860 532 2915 tantum,
543 2877 592 2925 quo
608 2859 668 2924 pede
678 2864 768 2925 coepit,
781 2878 827 2912 eat.
939 2889 984 2934 390

217 2936 264 2999 ¹Sed
281 2937 384 2998 nimidm
394 2955 503 3004 properas
516 2957 522 2988 ι
534 2942 615 2988 vivam
627 2936 717 2997 modi),
732 2940 800 3005 plura
811 2940 903 2995 dolebis
914 2963 923 3004 3

251 3016 282 3065 Et
292 3020 385 3081 capient
395 3020 469 3066 animi
481 3019 588 3068 carmina
603 3018 680 3068 multa
691 3023 749 3069 mei.

218 3095 284 3146 Nam
299 3099 378 3159 juvat,
391 3100 414 3144 δ(
426 3093 530 3145 studium
541 3096 611 3147 fama
622 3100 683 3147 mihi
693 3101 777 3151 crescit
784 3101 883 3152 honore
888 3117 901 3162 3

252 3174 373 3242 Principio
383 3176 441 3230 clivi
451 3174 526 3229 uester
535 3175 632 3228 anhelat
641 3191 725 3242 equus.
765 3226 768 3231 .
