2367 3992
216 546 229 558 ,
286 475 485 553 naam
514 461 706 545 Ansium
730 473 767 540 L
786 452 816 540 1.
855 493 919 562 225

214 605 311 668 uppiter
319 618 347 650 ex
359 600 409 650 alto
421 601 523 665 periuria
533 596 597 646 ridet
607 594 732 646 amantum
742 626 751 656 ,

229 681 261 729 Et
275 681 343 745 jubet
354 678 446 727 AEollos
458 679 524 725 irrita
536 675 597 724 serre
608 675 698 724 Notos.

192 756 243 808 Pet
252 761 327 824 Styga
342 757 430 806 lunoni
447 754 533 804 salsum
544 758 621 819 jurare
633 753 725 802 solebat
925 762 969 816 635

228 836 338 901 luppiter
349 854 355 884 t
366 833 479 898 exemplo
490 848 553 881 nunc
565 831 629 881 favet
642 832 691 896 ipse
703 832 756 879 suo.

191 909 301 978 Expedit
312 911 358 963 effe
372 913 437 960 Deos
450 930 456 959 ε
470 914 509 970 &,
521 924 548 959 ut
559 906 655 974 expedit
666 905 730 967 ,ell'e
742 921 863 972 putemus.

228 991 325 1040 Dentur
340 992 364 1039 ln
375 993 486 1054 antiquos
495 1003 548 1037 tura
558 1003 699 1052 merumque
709 985 790 1035 socos.

191 1066 248 1119 Nec
260 1071 341 1118 secura
352 1070 418 1134 quies
429 1067 485 1116 illos
498 1066 629 1130 similisque
640 1067 720 1128 sopori
775 1114 777 1118 ,

227 1147 330 1195 Detinet
342 1163 347 1194 :
360 1143 463 1193 innocui
473 1147 549 1194 vivite
559 1160 566 1201 ς
583 1158 673 1191 numen
684 1139 756 1190 adest.

191 1221 300 1274 Reddite
317 1222 469 1288 depositum:
485 1219 558 1285 pietas
570 1221 611 1267 sua
624 1217 715 1270 soedcra
726 1220 820 1270 servett

229 1303 302 1351 Fraus
315 1301 391 1349 absit:
404 1315 490 1348 vacuas
502 1295 572 1352 caedis
583 1298 668 1346 habete
679 1312 772 1346 manus.

191 1376 302 1438 Ludite,
316 1381 334 1426 si
349 1379 444 1442 sapitis,
457 1376 518 1425 solas
534 1373 632 1441 impuni
643 1375 744 1440 puellas.

229 1456 281 1506 llat
297 1459 374 1520 magis
385 1455 417 1503 est
427 1453 474 1502 und
485 1452 569 1503 fraude
579 1452 692 1518 pudenda
703 1453 771 1504 fides.

192 1530 282 1584 Fallite
293 1533 404 1582 fallentes
416 1551 422 1581 e
436 1549 464 1580 ex
475 1547 561 1597 magna
577 1547 643 1598 parte
660 1533 789 1598 profanum

230 1615 290 1662 Sunt
304 1628 376 1676 genus
387 1629 393 1659 s
404 1613 429 1659 in
438 1609 549 1676 laqueos,
563 1627 624 1677 quos
634 1613 748 1676 posuere,
764 1609 860 1662 cadant.

191 1686 292 1740 Dicitur
304 1689 419 1756 AEgyprus
430 1686 527 1738 caruill'e
538 1690 672 1753 juvantibus
682 1706 738 1738 arva

229 1768 363 1827 Imbribus,
375 1783 446 1834 atque
459 1781 533 1814 annos
545 1768 606 1814 sicca
618 1763 686 1814 suille
698 1782 795 1816 novem.
865 1821 871 1836 .

193 1845 263 1898 Ctlm
275 1847 386 1895 Thrasius
403 1846 497 1894 Busirin
509 1841 577 1902 adit,
588 1843 750 1907 monstratque
762 1846 823 1908 piari

229 1925 337 1990 llospitis
350 1922 426 1973 effuso
437 1924 549 1987 sanguine
565 1918 632 1985 polle
642 1921 736 1969 lovem.

191 1998 235 2051 llli
245 2001 332 2051 Busiris
344 2036 352 2061 ,
364 2000 415 2050 Fies
426 2001 491 2049 lovis
500 1999 577 2048 hostia
587 2002 700 2063 primus,

228 2081 310 2145 lnquit
322 2097 328 2127 s
345 2082 369 2127 δι
381 2077 487 2143 AEgypto
504 2073 607 2127 sudabis
618 2079 703 2141 hospes
713 2091 811 2142 aquam.

190 2153 225 2206 Et
241 2157 346 2206 Phalaris
360 2172 428 2206 tauro
438 2155 539 2205 violenti
549 2155 657 2203 membra
668 2153 751 2203 Perilli

228 2237 345 2284 Torruit:
357 2234 441 2283 infelix
451 2235 539 2282 imbuit
549 2235 629 2282 anaor
640 2249 708 2298 opus.
808 2265 810 2269 .

194 2312 272 2362 Jnstus
284 2327 383 2377 uterque
394 2311 440 2360 suit
447 2331 454 2360 t
462 2328 539 2378 neque
547 2315 611 2361 enim
620 2311 657 2360 lex
666 2314 757 2378 aequior
765 2310 831 2367 ulla,

228 2391 309 2451 Quam
320 2393 383 2439 necis
394 2388 493 2440 artifices
505 2406 555 2439 arte
566 2393 642 2455 perire
652 2391 702 2438 sui.

193 2469 275 2534 Ergo,
287 2484 314 2518 ut
327 2472 430 2533 periuras
440 2467 529 2518 meritis
539 2471 641 2532 perjuria
653 2468 759 2529 fallunt,

228 2546 346 2611 Exemplo
361 2544 445 2595 doleat
456 2545 546 2593 femina
557 2545 607 2593 lusa
617 2546 669 2594 suo.

193 2624 229 2675 Et
238 2623 349 2684 lacryma,
361 2625 459 2688 prosunt
471 2621 600 2684 :lacrymis
616 2620 743 2672 adamanta
755 2623 862 2672 movebis
874 2642 883 2671 .·

227 2703 274 2751 Fac
289 2699 398 2750 madidas
407 2698 505 2760 videat,
523 2703 541 2749 si
553 2712 638 2765 potes,
650 2700 692 2750 illa
703 2718 782 2766 genas.
916 2711 929 2748 6
933 2711 965 2749 60

194 2779 220 2828 Si
232 2778 360 2842 lacrymat,
374 2795 450 2844 neque
461 2782 523 2826 enim
534 2782 634 2827 veniunt
643 2782 667 2827 in
677 2794 784 2844 tempore
792 2783 896 2848 semper,

227 2855 365 2914 Deficient5
377 2855 446 2905 uniti
457 2855 547 2905 lumina
562 2870 633 2921 tange
644 2873 725 2919 manu.

194 2933 256 2995 Quis
269 2936 359 3000 sapiens
369 2933 462 2984 blandis
473 2952 522 2984 non
530 2937 629 2984 misceat
639 2936 720 2985 oscula
726 2939 803 2987 verbis
812 2942 822 2988 i

227 3011 273 3061 llla
286 3012 342 3063 licet
355 3029 405 3062 non
413 3010 468 3071 det;
480 3029 529 3062 non
539 3012 595 3063 data
607 3016 672 3064 sume
683 3030 772 3065 tamen.

195 3089 318 3157 Pugnabit
331 3090 410 3157 primd
425 3089 547 3149 fortassis5
560 3097 603 3151 ὅτ,
617 3095 741 3158 improbe,
758 3093 830 3144 dicet.
864 3113 867 3117 ·
913 3093 959 3148 ⁶45

228 3168 360 3235 Pugnando
371 3173 436 3222 vinci
446 3168 487 3222 sed
499 3185 578 3220 tamen
589 3171 632 3220 illa
640 3171 715 3223 volet.
760 3199 784 3287 *K

800 3253 816 3285 v
