2367 3992
267 493 324 545 ort
349 473 466 547 Arsin
497 472 688 545 Asinum
716 476 753 546 L.
780 480 811 549 1.
857 500 920 568 223

207 597 289 664 Ergo,
301 601 341 648 ubi
353 601 497 664 contigerint
508 602 580 664 positi
593 600 637 648 cibi
647 615 746 648 munera
758 599 862 660 bacchi,
931 603 960 655 κθ
963 609 973 655 5

240 678 319 743 Atque
331 682 376 727 erit
388 683 413 727 in
423 680 481 728 socii
494 678 585 728 femina
596 694 662 743 parre
674 681 736 737 tocie

206 753 391 821 Nyueuumque
408 770 519 821 patrem,
536 759 699 821 noiiuruaque
716 757 780 806 sacra
791 771 903 821 precare,

238 833 277 883 Ne
290 837 387 899 Jubeanc
398 837 471 899 capiti
482 837 537 883 vina
547 851 634 883 nocere
644 849 696 883 tuo.

206 909 253 959 llic
264 913 308 960 tibi
320 913 396 962 multa
408 913 465 962 licet
476 914 583 962 sermone
595 913 692 962 licencia
703 914 765 962 testo

238 987 339 1049 Dicere,
355 1007 407 1056 qua
418 989 466 1039 diei
477 992 562 1040 sentiat
572 990 616 1040 illa
626 992 684 1040 sibi:
929 1003 975 1052 570

205 1063 383 1133 Blanditiasque
402 1068 465 1118 leves
482 1073 547 1116 tenui
561 1068 706 1131 perscribere
713 1069 786 1130 vino,

237 1143 272 1193 Ut
290 1143 416 1194 dominam
426 1147 452 1193 in
463 1147 544 1194 mensa
554 1146 576 1192 se
587 1144 652 1208 legat
658 1145 701 1193 illa
712 1159 793 1195 marris

205 1219 282 1286 Atque
299 1221 384 1271 oculos
394 1222 471 1270 oculis
483 1223 584 1286 spedare
599 1221 728 1271 fatentibus
736 1226 825 1286 ignem.

236 1301 304 1363 Saepe
318 1315 396 1348 tacens
410 1316 496 1348 vocem
511 1299 630 1364 verbaque
639 1298 720 1350 vultus
731 1301 811 1349 habet.

205 1375 250 1426 Fac
266 1380 359 1442 primus
372 1380 448 1442 rapias
459 1376 525 1426 illius
539 1379 604 1449 tabia⁴
613 1376 706 1426 labellis
928 1397 972 1446 575

237 1455 343 1513 Pocula;
357 1455 452 1520 quelque
463 1456 528 1503 bibet
540 1469 607 1518 parte
620 1454 718 1519 puella,
735 1454 811 1503 bibas.

205 1533 236 1584 Et
249 1531 420 1600 quodcumque
430 1533 477 1581 eibi
488 1529 569 1596 digitis
582 1531 693 1582 libaverit
703 1531 762 1586 illa,

236 1610 275 1660 Tu
290 1625 342 1674 pete
356 1629 362 1659 ε
375 1608 481 1675 dumque
490 1625 555 1674 petes
566 1629 576 1669 ,¹
586 1613 617 1660 sit
629 1612 673 1672 tibi
684 1612 745 1659 tabia
754 1623 848 1661 manus.

205 1689 257 1738 Sint
270 1690 343 1737 etiam
356 1703 396 1738 tua
411 1702 469 1737 vota
479 1690 531 1736 viro
542 1685 655 1752 placuiffe
666 1687 766 1754 puellae:

236 1765 327 1815 Utilior
336 1767 405 1814 vobis
417 1765 490 1813 fabius
499 1768 589 1812 amicus
600 1767 654 1813 erit.
926 1779 973 1839 580

205 1842 267 1893 Huic
280 1878 289 1903 ‚
300 1847 319 1892 si
330 1846 392 1893 sorte
405 1843 485 1901 bibes,
497 1844 586 1891 sortem
595 1840 700 1891 concede
713 1844 835 1906 priorem:

235 1922 299 1971 Huic
310 1920 379 1971 detur
390 1925 462 1986 capiti
474 1918 556 1970 demta
565 1937 656 1972 corona
666 1936 717 1969 ruo.

203 1999 257 2050 Sive
271 2004 316 2049 erit
324 2000 438 2054 inferior,
452 2002 491 2048 scu
503 2015 561 2063 par,
575 2002 642 2064 prior
652 2001 736 2050 omnia
746 1999 841 2059 suniat:

235 2077 290 2128 Neu
301 2075 394 2127 dubites
404 2077 441 2125 illi
452 2078 524 2126 verba
535 2075 637 2127 secunda
648 2077 726 2142 loqui.

203 2155 268 2208 Tuta
282 2156 438 2223 frequensque
450 2159 490 2204 via
500 2155 544 2215 est,
558 2173 600 2220 per
608 2159 713 2205 amicum
725 2152 808 2205 fallere
816 2167 905 2202 nomeu
914 2148 967 2211 ²5⁸)
1030 2157 1034 2163 '

235 2235 300 2284 Tuta
312 2235 467 2301 frequensque
480 2234 536 2283 licet
545 2238 575 2283 sit
585 2237 639 2293 νίας
654 2237 745 2284 crimen
757 2232 837 2282 habet.

201 2309 260 2361 lude
271 2327 411 2376 procurator
424 2315 527 2376 nimiunn
538 2329 636 2378 quoque
647 2311 724 2360 multa
734 2323 859 2376 procurat,

234 2390 267 2439 Et
277 2390 320 2438 sibi
339 2387 456 2439 mandatis
468 2389 536 2455 plura
545 2387 650 2439 videnda
660 2405 736 2454 punt.

201 2465 276 2518 Certa
290 2467 333 2515 tibi
350 2469 443 2516 anobis
459 2465 553 2516 dabitur
564 2469 674 2515 mensura
684 2463 797 2515 bibendi:

233 2543 347 2593 Officium
365 2545 473 2609 praestent
488 2561 602 2608 mensque
617 2542 734 2609 pedesque
749 2545 827 2592 suum.
922 2548 969 2598 59⁰

200 2624 282 2688 Iurgia
292 2620 429 2687 praecipui,
447 2623 505 2670 vino
519 2621 654 2682 stimulata,
672 2635 774 2682 caveto,

233 2700 265 2750 Ec
275 2702 379 2749 nimium
390 2697 471 2747 faciles
482 2696 512 2748 ad
525 2699 575 2747 fera
585 2699 649 2748 bella
662 2715 756 2749 manus.

201 2777 301 2828 Occidit
315 2777 432 2837 Eurytion
444 2774 511 2826 stult&
523 2774 579 2827 data
589 2780 645 2827 vina
655 2775 761 2826 bibendo
770 2794 779 2826 e

233 2858 320 2922 Aptior
334 2854 366 2902 est
377 2852 441 2904 dulci
453 2856 535 2904 mensa
547 2872 689 2921 merumque
700 2857 765 2919 joco.

201 2937 226 2985 si
242 2951 290 2985 vox
298 2934 330 2982 est
337 2969 346 2994 ‚
360 2949 429 2983 canta
440 2951 448 2982 .-
459 2937 478 2982 si
492 2934 577 2985 mollia
588 2936 699 2994 brachia,
712 2933 788 2984 salta:
921 2952 966 2997 595

234 3011 281 3071 Et,
297 3027 447 3078 quacumque
457 3027 524 3077 potes
535 3011 593 3063 dote
604 3013 710 3078 placere,
724 3013 800 3078 place.

200 3087 309 3142 Ebrietas
320 3105 346 3138 ut
360 3106 415 3139 vcra
424 3105 513 3149 nocet,
524 3094 557 3140 sic
569 3091 623 3141 flua
634 3095 734 3155 iuvabit.

234 3167 281 3220 fac
295 3167 380 3218 titubet
395 3166 467 3219 bleso
478 3166 579 3221 subdola
594 3169 677 3237 lingua
689 3173 780 3282 sono:K
797 3233 802 3244 Ι
837 3193 841 3200 ·

796 3246 820 3282 sv
