2367 3992
263 476 334 557 236
392 463 585 535 Ovrutr
618 469 849 536 NAsou'rr

261 588 339 639 Nosie
349 588 449 639 domum
462 596 583 655 repetent,
596 591 672 656 epulis
684 591 821 655 perfunde,
835 589 932 640 redibit:

296 669 364 717 Tunc
375 685 470 734 quoque
482 685 525 733 pro
540 671 606 716 servo
617 705 624 726 ‚
636 673 654 716 si
668 683 739 716 vocat
750 668 881 726 illa‚venl.

262 740 325 795 Rure
334 749 378 795 eris
389 781 396 804 ‚
408 751 432 794 de
442 745 608 803 dicttveniae‚
620 746 629 810 (
644 750 715 794 Amor
726 745 782 794 odit
789 748 877 794 inertes
884 741 904 812 a)

216 834 263 882 230
297 826 320 874 Si
332 841 383 873 tota
393 822 495 873 defuerit
507 859 514 882 ‚
530 841 554 873 tu
569 822 629 888 pede
638 841 707 888 carpe
716 825 792 871 viam.

264 902 315 954 Nec
325 918 396 966 grave
410 917 433 949 te
446 918 538 965 tempus
549 906 660 950 sitiensve
671 901 792 950 Canicula
803 898 898 959 tardae

296 980 347 1029 Nec
364 985 451 1043 viaper
461 984 530 1043 iai-tas
545 977 647 1027 candida
659 979 718 1026 sabla
733 984 809 1028 nivea.

263 1057 360 1107 Militiae
376 1059 462 1122 species
480 1074 547 1106 arnor
561 1061 594 1105 eli
608 1075 613 1104 ι
626 1055 742 1105 discedite
753 1059 852 1121 sugneea

297 1136 354 1184 Non
368 1137 421 1184 sunt
432 1138 482 1184 haec
493 1133 584 1184 timidis
595 1137 661 1198 signa
673 1132 762 1183 ruenda
773 1136 841 1182 vitis.

218 1205 320 1286 235Nox
335 1218 358 1262 ἃ
371 1216 446 1262 hiems
456 1249 464 1272 ,
476 1214 601 1279 loogaeque
616 1216 678 1269 via,
692 1213 795 1276 serique
805 1209 902 1260 doloret

297 1293 415 1341 Mollibus
430 1294 466 1340 his
482 1293 575 1346 eastris,
589 1294 613 1340 bt
626 1290 693 1338 labor
704 1291 784 1338 omnis
799 1287 868 1337 inest.

265 1373 330 1436 Saepe
348 1370 405 1419 feres
417 1371 518 1418 imbrem
530 1368 619 1418 eoelesil
630 1369 692 1416 nube
702 1366 809 1416 solutum
820 1384 828 1415 a

299 1447 407 1512 Frigidus
417 1452 441 1496 ὁ(
453 1446 517 1496 nudi
528 1449 587 1511 saepe
599 1447 686 1508 jacebit
696 1448 779 1494 humo.

267 1520 388 1587 Cynthius
403 1523 497 1574 Admeti
514 1540 598 1573 vaccas
610 1521 698 1586 pavisse
717 1525 823 1572 Pheraeae

219 1613 266 1661 ²40
300 1604 398 1661 Fertur,
418 1606 442 1651 bt
459 1605 483 1650 in
494 1615 564 1664 parva
575 1598 695 1650 delituisse
709 1600 771 1651 eard·

266 1679 339 1741 Quod
351 1681 468 1729 Phoebum
480 1677 573 1734 decuit,
585 1692 658 1744 quem
669 1695 718 1729 rron
729 1676 815 1729 decet?
826 1694 886 1729 exue
899 1677 982 1740 fastus,

298 1757 389 1810 Curam
401 1760 504 1808 mansuri
519 1761 625 1824 quisquis
634 1761 723 1808 amoris
733 1759 814 1806 haber.

266 1838 290 1885 Si
302 1839 345 1886 tibi
357 1854 398 1902 per
413 1852 492 1885 tutum
503 1835 648 1900 planumque
659 1836 783 1900 negabitur
792 1838 843 1892 ire.

300 1919 377 1981 Atque
392 1919 437 1963 erit
453 1916 560 1978 appositi
578 1918 649 1978 janua
662 1913 723 1962 fulta
734 1913 802 1972 serie

221 1993 299 2051 aerdt
315 2010 341 2042 tu
353 2011 393 2058 per
407 2009 510 2057 precept
518 1994 579 2040 tedio
590 1989 700 2039 delabere
712 2005 794 2055 aperto
805 2009 814 2040 e

301 2073 349 2120 Det
358 2088 454 2136 quoque
466 2071 563 2118 furtivas
571 2068 618 2117 alta
629 2067 727 2116 fenestra
737 2072 796 2116 viasa

267 2150 332 2199 Laeta
342 2154 402 2208 erit,
422 2164 449 2198 ut
459 2150 553 2196 calisam
565 2143 610 2196 tibi
624 2148 647 2195 se
655 2147 712 2195 sciet
722 2142 767 2197 effe
778 2145 883 2212 pericliz

302 2227 355 2275 Hoc
367 2225 471 2274 domin:
482 2229 540 2275 certi
551 2229 636 2290 pignus
644 2227 731 2273 amoris
742 2228 795 2274 erit.

269 2307 333 2368 Saepe
346 2304 386 2353 tud
403 2319 511 2367 poteras,
525 2301 646 2361 Leandre,
658 2320 736 2352 carere
746 2303 844 2367 puellie

221 2396 268 2447 250
301 2383 435 2440 Tranabas,
454 2385 562 2429 animum
572 2377 652 2429 nollet
663 2396 688 2429 ut
699 2381 742 2429 illa
752 2396 831 2429 tuum.

269 2460 320 2510 Nec
332 2457 409 2526 pudor
419 2459 517 2508 ancillas
529 2493 537 2517 ‚
548 2473 574 2506 ut
589 2474 689 2524 quaque
700 2461 745 2507 etit
754 2456 839 2505 ordine
849 2458 947 2520 prima,

301 2538 352 2587 Nec
368 2538 411 2586 tibi
428 2540 459 2585 sit
469 2536 547 2584 servos
559 2532 700 2584 demeruisse
712 2533 799 2598 pudor.

269 2617 375 2667 Nomine
386 2631 505 2682 quemque
516 2616 575 2672 suo,
589 2611 657 2661 nulla
668 2614 700 2659 eii
710 2614 815 2675 jactura,
827 2611 904 2661 saluta
915 2629 923 2661 a

300 2697 375 2759 Junge
389 2697 433 2743 tuis
449 2691 567 2749 humiles,
585 2690 728 2747 ambitiose,
743 2703 838 2738 manus.

221 2794 248 2838 ²5
257 2769 315 2838 5Sed
325 2786 406 2819 tamen
418 2775 442 2818 ὃ(
453 2773 519 2819 servo
529 2806 538 2830 ,
552 2769 610 2818 levis
622 2767 655 2815 est
666 2767 789 2830 impensa,
801 2768 898 2830 roganti

301 2849 397 2911 Porrige
409 2847 510 2896 fortuna
522 2863 620 2896 munera
637 2860 709 2909 parva
721 2859 776 2892 tuae.

269 2926 365 2989 Porrige
378 2928 402 2971 ὃ(
415 2925 526 2982 ancillae,
537 2924 585 2988 qui
597 2939 679 2987 peenas
690 2923 742 2970 luce
756 2919 870 2985 pependit

302 3003 363 3051 Lusa
375 3000 478 3050 maritali
491 3000 585 3048 Gallica
599 2999 661 3048 velle
676 3015 769 3048 manue.

271 3079 316 3131 Fac
334 3079 443 3145 plebem,
459 3079 519 3125 mihi
534 3074 618 3135 crede,
631 3090 696 3125 tuam
705 3095 711 3125 e
719 3080 750 3126 rit
763 3077 855 3142 semper
866 3078 892 3125 in
901 3077 945 3126 illa

224 3158 272 3198 2⁶0
304 3159 395 3210 Ianitor
400 3190 409 3220 ,
429 3161 452 3207 bt
465 3154 564 3206 thalami
579 3157 622 3221 qui
630 3158 693 3222 jacet
703 3168 757 3205 ante
767 3152 840 3204 foret.
