2367 3992
296 503 336 569 32
400 480 443 549 P.
469 482 650 550 Ournrr
675 485 901 554 NAsorurs

291 602 364 657 Vive,
381 619 483 670 precor:
496 607 528 652 sic
541 619 564 653 te
575 604 676 664 melitis,
688 605 764 671 quim
773 605 872 668 funere,
883 608 992 674 perdam.

324 683 362 729 Tu
379 682 458 747 potiris
469 682 510 731 leti
522 686 591 733 caula
602 684 675 733 ferare
689 688 746 733 mei.

244 762 257 800 6
261 769 270 812 5
290 758 374 824 Pinge.
388 777 431 826 age
436 795 444 821 ‚
457 776 479 810 te
487 760 586 826 rapido,
601 762 716 829 (nullum
724 766 755 812 sit
764 766 790 813 in
798 766 880 814 omine
888 763 1006 831 pondus)

324 839 430 886 Turbine
441 837 555 903 deprendi
569 859 575 887 ε
588 839 647 906 quid
658 843 702 890 tibi
713 846 799 892 mentis
809 845 855 892 erit
866 846 875 892 ἓ

288 916 398 965 Protinus
410 933 535 967 occurrent
547 918 610 967 falsae
625 923 727 984 perjuria
737 920 841 986 linguae.

320 995 351 1044 Er
365 996 467 1060 Phrygii
481 995 547 1044 Dido
559 996 642 1046 fraude
659 1001 741 1047 coaiia
751 1004 823 1048 mori.

287 1071 406 1139 Coniugis
422 1089 476 1123 ante
490 1074 574 1124 oculos
585 1073 691 1140 deceptae
700 1077 770 1126 stabit
783 1081 864 1143 imago

239 1155 270 1198 50
320 1151 416 1211 Tristis,
427 1157 451 1202 δε
462 1151 542 1202 effusis
553 1152 733 1217 sanguinolenta
744 1159 829 1204 comis.

286 1229 409 1296 Quicquid
420 1230 446 1280 id
457 1231 503 1291 est,
515 1247 595 1281 totum
606 1235 699 1291 merui3
711 1231 852 1294 concedite,
867 1230 947 1283 dicare

318 1308 426 1375 Quaeque
437 1309 522 1359 cadent
533 1344 542 1365 ‚
556 1313 615 1358 inte
625 1309 726 1358 fulmina
737 1308 890 1375 milsaputes.

284 1387 324 1437 Da
334 1389 404 1440 breve
416 1390 511 1440 saevitiae
521 1392 623 1454 spatium
634 1388 760 1454 pelagique
770 1404 878 1455 tuaeque:

317 1466 413 1517 Grande
424 1484 498 1517 morae
509 1471 612 1532 pretium
623 1481 674 1516 tuta
686 1466 766 1516 futura
775 1471 813 1516 via
827 1467 868 1516 est.

235 1539 264 1587 75
284 1544 336 1595 Nec
346 1548 406 1594 mihi
417 1560 542 1609 parcatur3
559 1561 633 1608 puero
644 1559 753 1610 parcatur
766 1544 829 1593 liilo.

317 1623 353 1672 Te
365 1624 419 1671 satis
431 1623 463 1670 est
477 1621 573 1671 titulum
586 1625 671 1671 mortis
683 1623 769 1671 habere
785 1639 853 1672 meae.

224 1715 227 1720 ·
283 1699 349 1762 Quid
360 1702 557 1766 puniremus,
576 1700 635 1767 quid
646 1700 680 1749 Di
691 1718 797 1774 meruere
808 1707 920 1767 penates?

315 1782 412 1847 Ignibus
429 1797 523 1847 ereptos
533 1778 693 1830 obruerunda
704 1779 778 1828 Deos.

282 1858 328 1910 Sed
337 1877 414 1927 neque
423 1860 469 1910 fers
480 1875 560 1910 tecum
570 1876 629 1909 :nec
641 1894 648 1919 ‚
659 1875 711 1925 quae
719 1861 779 1907 mihi
788 1892 797 1912 ,
806 1856 1003 1926 perusinum,

232 1913 264 1965 ⁸⁰
314 1937 448 1990 Presserunt
458 1942 569 1989 humeros
582 1941 646 1987 sacra
655 1952 768 2002 paterque
779 1952 855 2003 tuos*

281 2018 371 2068 Omnia
382 2023 490 2069 mentiris
502 2039 508 2068 ι
520 2035 563 2068 nec
575 2022 639 2067 enim
651 2033 691 2065 tua
702 2014 784 2064 fallere
796 2014 878 2078 lingua

312 2097 399 2161 Incipit
410 2115 422 2146 a
433 2099 502 2146 nobis
515 2133 522 2155 ‚
539 2100 663 2162 primaque
678 2095 768 2159 plcstor
779 2108 834 2157 ego.

280 2176 304 2223 Si
316 2191 419 2240 querat,
432 2174 472 2221 ubi
485 2178 517 2222 sic
527 2175 627 2224 formosi
637 2178 716 2222 'mater
726 2170 775 2220 Iiili
785 2188 791 2219 z

311 2250 408 2302 Occidit
425 2269 438 2300 a
449 2251 510 2301 duro
522 2253 571 2301 sola
582 2252 663 2301 relide
674 2255 735 2300 viro.

231 2303 259 2366 85
279 2330 337 2380 Haec
348 2332 408 2378 mihi
423 2347 544 2390 narraras,
563 2348 607 2380 nec
619 2348 657 2378 me
669 2346 782 2378 movere:
794 2344 927 2380 merentem

310 2409 360 2458 Ure
372 2427 379 2468 3
399 2412 477 2458 minor
495 2409 566 2473 culpi
583 2426 655 2473 poena
667 2408 746 2457 futura
757 2407 811 2456 med
825 2408 865 2456 eil.

277 2487 330 2538 Nec
338 2489 399 2535 mihi
407 2504 473 2537 mens
482 2485 555 2536 dubia
563 2488 605 2547 est,
612 2491 670 2553 quin
678 2501 700 2535 te
709 2501 749 2535 tua
757 2490 856 2534 numina
864 2485 979 2538 damnent
988 2505 995 2535 ε

309 2566 353 2614 Pet
363 2582 427 2614 mare
436 2601 443 2625 ‚
457 2582 498 2630 per
507 2579 578 2614 terras
587 2566 764 2629 septimaJastat
771 2566 856 2613 hiems.

276 2643 396 2693 Fluiiibus
417 2645 517 2709 ejeiium
533 2643 585 2692 ruti
605 2643 704 2690 statione
719 2644 813 2705 recepi,

228 2723 261 2767 90
311 2723 405 2789 Vixque
417 2724 475 2771 bene
487 2712 571 2770 erudito
581 2722 697 2774 nomine,
708 2735 780 2784 regna
791 2715 856 2768 dedi.

276 2801 320 2850 His
332 2815 412 2850 tamen
423 2797 509 2848 officiis
520 2802 612 2848 utinam
623 2812 736 2847 contenta
749 2795 862 2846 suilleml

308 2878 339 2926 Et
350 2880 410 2926 mihi
421 2877 563 2926 concubinis
574 2877 638 2925 fama
649 2874 739 2939 sepulta
750 2874 828 2923 foret!

184 3004 192 3019 .
275 2955 320 3004 Illa
332 2953 381 3004 diet
393 2958 489 3015 nocuit,
508 2954 556 3020 qud
566 2971 610 3004 uos
622 2953 713 3003 declive
724 2952 766 3000 sub
777 2966 874 3001 antrum

308 3031 430 3082 Coeruleus
446 3033 528 3081 subitis
537 3031 740 3096 compulirimber
750 3032 824 3094 aquis.

226 3119 254 3162 95
275 3108 402 3161 Audieram
416 3127 520 3168 vocem3
533 3109 660 3174 Nymphas
674 3103 773 3156 ululaffe
785 3114 884 3174 putaris

306 3186 450 3243 Eumenides
460 3187 515 3237 latis
525 3189 592 3254 sigua
599 3184 684 3238 dedice
694 3187 762 3240 meis
