2367 3992
261 459 330 504 210
395 437 599 505 Outorr
639 440 873 525 NAsonrs

258 558 341 607 Altera
351 558 430 608 maella
439 558 507 610 silet:
516 559 600 608 frustra
609 574 682 609 vocat
695 559 768 608 altera
780 574 882 608 matrem
893 576 901 605 t

291 635 348 685 Haec
360 639 465 702 queritur
475 671 482 696 ,
495 637 571 702 stupet
583 639 633 686 haec
641 654 648 686 τ
657 640 707 686 haec
716 651 800 686 manet
810 673 818 698 ,
828 637 871 686 illa
879 636 942 702 fugit.

215 711 387 770 ¹25Ducuntur
399 730 485 779 raprae,
497 715 596 780 genialis
611 714 707 781 praeda,
720 715 819 781 puellae:

292 790 324 839 Er
333 795 413 856 potuit
423 792 510 841 multas
520 796 568 857 ipse
581 791 665 842 decere
675 792 762 859 pudor.

260 870 284 918 Si
298 884 347 934 qua
359 869 500 934 repugnirtr
512 872 629 931 nimium,
645 875 810 938 comitemque
824 872 935 938 rugitum

292 946 416 995 Sublatam
431 946 521 1012 cupido
530 951 567 998 vit
581 949 638 999 tulit
649 951 697 1014 ipse
710 954 771 1000 sinu.

259 1025 337 1090 Atque
348 1028 399 1084 ita,
412 1025 478 1086 Quid
489 1043 582 1077 teneros
593 1028 705 1090 lacrymis
715 1032 849 1094 corrumpis
860 1027 956 1077 ocellosi

214 1121 259 1167 ¹3⁰
293 1102 366 1163 Quod
378 1108 449 1154 marri
460 1121 525 1170 patet
536 1106 584 1166 est,
598 1109 644 1155 hoc
657 1109 716 1166 tibi,
730 1104 805 1166 dixit,
820 1124 871 1155 eto.

260 1182 377 1242 Romule,
390 1184 508 1233 militibus
519 1185 579 1233 scisti
592 1183 648 1234 date
657 1183 788 1233 commoda
799 1184 874 1233 solus.

292 1261 350 1310 Haec
360 1264 420 1311 mihi
431 1266 449 1311 si
461 1261 553 1312 dederis
562 1261 706 1324 commoda,
715 1264 786 1312 miles
797 1279 849 1312 ero.

260 1339 360 1390 Scilicet
369 1358 397 1390 ex
410 1341 455 1391 illo
466 1342 582 1392 solemnia
595 1359 662 1392 more
674 1344 766 1391 theatra

293 1419 364 1469 Nunc
375 1437 471 1486 quoque
486 1420 599 1470 formosis
613 1418 726 1470 insidiosa
741 1433 851 1469 manent.

216 1495 312 1553 ¹35Ncc
329 1513 351 1546 te
363 1499 482 1547 nobilium
495 1498 570 1563 fugiat
580 1512 700 1548 certamen
711 1515 844 1564 equorum:

293 1575 372 1625 Mults
388 1593 460 1641 capax
472 1577 555 1641 populi
570 1575 702 1628 commoda
713 1576 801 1628 Circus
814 1576 899 1625 habet.

261 1653 303 1702 Nil
319 1671 378 1719 opus
391 1654 423 1703 est
436 1652 532 1720 digitis,
548 1672 589 1720 per
600 1673 659 1722 quos
671 1671 755 1704 arcana
766 1655 873 1720 loquaris
887 1672 895 1702 z

294 1733 345 1782 Nec
361 1735 404 1782 tibi
418 1751 458 1799 per
472 1750 543 1784 nurus
558 1732 696 1799 accipienda
711 1748 770 1782 nora
781 1732 824 1781 est.

261 1811 385 1860 Proximus
398 1829 411 1860 a
421 1809 519 1861 domina
529 1847 536 1869 ,
546 1812 616 1860 nullo
627 1813 786 1876 prohibente,
801 1809 899 1860 sedero:

215 1910 263 1957 ¹40
294 1889 369 1954 lunge
388 1906 454 1938 tuum
467 1891 534 1939 lateri
543 1926 551 1950 ,
561 1888 635 1956 quim
647 1905 730 1953 potes,
743 1891 818 1955 usque
830 1889 909 1939 lotos:

261 1967 293 2017 Er
307 1968 381 2026 bertr,
401 1967 468 2034 quod
481 1971 558 2034 cogit,
573 1971 592 2016 si
604 1968 682 2027 nolis,
698 1967 761 2016 linea
770 1969 840 2034 jungi
849 1983 865 2035 ς.

295 2044 368 2106 Quod
380 2048 423 2096 tibi
436 2045 555 2112 tangenda
567 2046 599 2095 est
610 2046 662 2111 lege
673 2045 752 2110 puella
763 2045 822 2095 loci.

262 2122 309 2173 Hic
324 2125 369 2173 tibi
381 2141 499 2190 quaerarur
512 2125 570 2174 socii
583 2127 697 2174 sermonis
708 2115 792 2190 origo,

295 2202 325 2251 Et
336 2219 449 2253 moveant
460 2208 549 2269 primos
558 2204 654 2269 publica
664 2206 736 2254 verba
747 2205 828 2254 sonos.

217 2279 339 2347 145Cujus
350 2285 405 2348 equi
419 2288 531 2343 veniant,
546 2282 621 2332 facito
633 2319 641 2344 ,
651 2281 772 2342 studiose,
786 2285 901 2350 requiras.
971 2317 973 2319 -

296 2361 347 2411 Nec
364 2379 448 2421 mora,
460 2365 567 2429 quisquis
581 2366 641 2422 erit,
654 2366 693 2412 cui
705 2363 771 2413 favet
783 2363 843 2422 illa,
855 2362 920 2411 fave.

262 2440 294 2490 At
309 2440 363 2489 ctim
378 2452 466 2506 pompa
483 2441 591 2507 frequens
603 2441 746 2491 Coelestibus
757 2441 803 2489 ibit
813 2441 927 2500 eburnis,

295 2521 333 2569 Tu
347 2521 433 2569 Veneri
447 2519 552 2570 dominae
564 2518 650 2585 plaude
662 2520 756 2569 favente
774 2535 857 2568 manu.

263 2598 345 2664 thue
355 2599 400 2657 fir,
415 2602 440 2647 in
450 2603 568 2664 gremium
581 2599 658 2664 pulvis
674 2602 693 2647 si
706 2597 769 2647 forte
780 2597 865 2663 puello

218 2689 263 2734 150
289 2677 434 2738 *Decidttim
450 2677 531 2743 digitis
542 2676 697 2731 excutiendus
707 2680 760 2726 trit.

263 2757 309 2810 Et,
322 2758 341 2804 si
355 2757 434 2805 nullus
453 2761 497 2806 etit
508 2758 584 2822 pulvis
595 2793 602 2817 ,
615 2772 695 2806 tamen
706 2768 789 2808 excute
799 2753 907 2804 nullum·

297 2834 417 2894 Quaelibtt
426 2833 508 2884 officio
519 2838 587 2884 causa
599 2839 629 2883 sir
639 2849 694 2898 apra
706 2850 756 2883 tuo.

204 2898 207 2911 ,
264 2913 340 2963 Pallia
350 2915 369 2960 si
380 2913 441 2960 tetri
449 2913 551 2960 nimium
560 2910 655 2961 dimissa
664 2914 776 2976 jicebuut
787 2929 795 2969 3

297 2989 412 3054 Collige,
429 2992 453 3037 &
466 2987 592 3039 immundi
603 2988 697 3038 sedulus
709 2988 767 3038 effer
778 2991 867 3040 humo..

219 3078 243 3130 ¹5
251 3070 374 3129 §Protinus
389 3066 471 3116 officio
485 3071 603 3132 pretium,
616 3070 719 3132 patiente
729 3067 829 3131 puella,

245 3187 248 3193 -
297 3146 447 3214 Contingent
458 3146 534 3201 oculis
544 3164 612 3207 cruta
622 3144 724 3200 videnda
737 3149 795 3198 tuis.
