2367 3992
295 473 728 544 LrnnrrLEtnora
751 477 941 569 VIII.139

234 590 287 652 Quin
297 598 370 645 etiam
381 595 473 646 discant
482 597 548 646 oculi
560 597 692 660 lacrymare
704 601 796 650 consti:

257 673 285 722 Et
295 673 385 723 faciant
400 673 457 724 udas
467 676 510 725 illa
520 676 558 726 vel
572 676 615 724 illa
626 693 705 742 genas.

230 747 285 805 Nec.
303 753 322 800 si
334 769 406 818 quem
417 753 500 813 falles,
512 769 538 802 tu
546 759 665 820 perjurare
673 758 769 805 timeto.

254 827 404 879 Commodat
413 831 489 879 illusis
498 835 598 880 numina
605 831 675 881 surda
683 833 775 882 Venus.

226 905 303 954 Servus
318 911 343 957 &
354 905 384 957 ad
394 915 472 974 partes
484 910 566 959 sollers
576 910 664 960 ancilla
673 926 805 975 parentur,

253 983 300 1044 Qui
314 983 434 1047 doceant,
453 986 506 1052 apte
517 986 576 1053 quid
587 990 631 1038 tibi
643 992 719 1054 possit
729 991 788 1038 emi.

221 1060 250 1110 Et
258 1064 302 1133 sibi
319 1081 395 1128 pauca
405 1081 502 1129 rogent:
512 1066 602 1115 multos
613 1069 632 1114 si
642 1082 717 1130 pauca
727 1066 866 1131 rogabunt,
895 1099 897 1103 ψ

250 1141 380 1191 Postmodo
391 1141 421 1192 de
432 1143 517 1208 stipulal
527 1142 622 1208 grandis
633 1161 728 1195 acervus
738 1147 792 1193 erit.
959 1173 990 1212 90

219 1215 248 1267 Et
264 1221 349 1280 soror,
368 1224 393 1268 &
404 1236 497 1276 mater,
509 1225 589 1270 nutrix
601 1238 697 1288 quoque
707 1237 789 1287 carpat
799 1237 937 1280 amantem,

246 1297 284 1346 fit
294 1298 346 1347 cito
359 1315 402 1362 per
412 1298 500 1348 multas
511 1298 591 1364 praeda
601 1302 676 1364 petita
690 1316 783 1348 manus.

216 1369 281 1426 Cum
293 1393 316 1426 te
328 1375 441 1426 deficient
449 1376 563 1442 poscendi
572 1394 671 1426 munera
682 1379 774 1440 causae,

247 1455 360 1503 Natalem
372 1455 423 1504 libo
438 1455 561 1505 testificare
572 1471 650 1506 tuum.

214 1531 357 1596 Nesecurus
372 1550 451 1593 amet,
464 1534 533 1583 nullo
544 1534 636 1594 rivale,
648 1548 742 1584 caveto.

245 1612 304 1660 Non
315 1613 390 1672 bene,
407 1616 425 1660 si
436 1612 506 1662 tollas
516 1613 621 1678 proelia,
636 1611 707 1662 durat
716 1629 798 1663 amore

211 1687 316 1739 Alterius
330 1705 384 1740 toto
394 1689 475 1740 videat
484 1691 583 1756 vestigia
594 1691 672 1750 leuo,

245 1769 361 1836 factaque
376 1770 468 1818 lascivis
480 1766 554 1817 livida
566 1768 631 1817 colla
645 1771 718 1818 notis.

211 1846 314 1896 Munera
327 1847 444 1913 praecipue
454 1844 552 1901 videat,
563 1863 616 1912 quae
629 1849 721 1895 miserit
733 1846 803 1897 alter.

244 1926 268 1973 Si
280 1925 324 1973 tibi
334 1925 370 1973 nil
383 1923 495 1983 dederit,
511 1925 581 1973 Sacra
590 1921 699 1989 roganda
712 1927 751 1973 via
761 1925 803 1974 est.
938 1959 983 1991 ,00

209 2001 276 2052 Cslrn
287 2003 364 2052 multa
377 2003 498 2053 abstuleris
508 2037 516 2062 ,
529 2017 555 2051 ut
565 2017 706 2051 nontamen
716 2004 800 2051 omnia
810 2001 906 2064 demas,

244 2080 317 2142 Quod
336 2098 469 2146 numquam
482 2079 583 2139 reddas,
602 2079 744 2129 commodet
754 2082 827 2146 usque
839 2099 905 2147 roga.

209 2161 302 2226 Lingua
313 2165 380 2227 juvet
391 2196 399 2220 ‚
415 2175 569 2225 mentemque
580 2175 645 2223 tegat
656 2177 662 2207 r
675 2158 784 2208 blandire
793 2175 914 2226 nocequee
964 2167 966 2170 ’

242 2240 320 2305 Impia
331 2241 374 2287 sub
386 2236 451 2287 dulci
460 2237 534 2287 melle
545 2253 636 2287 venena
646 2236 731 2288 latent.

206 2318 267 2369 Haec
282 2321 300 2366 si
311 2318 443 2383 praestiteris
455 2318 497 2366 usu
509 2317 569 2364 mihi
580 2318 678 2380 cognita
686 2315 779 2382 longo,
934 2339 976 2386 1⁰5

221 2399 224 2405 “
242 2395 294 2445 Nec
309 2395 407 2445 tulerint
422 2411 493 2445 voces
507 2397 627 2445 ventus&
642 2410 697 2443 aura
707 2411 789 2454 meas3

206 2475 274 2539 Saepe
284 2476 344 2523 mihi
357 2472 420 2523 dices
431 2476 492 2524 viva>
504 2474 563 2522 bene
575 2491 580 2520 :
592 2474 652 2536 saepe
668 2473 781 2536 rogabis,

240 2551 276 2600 Ut
289 2569 342 2602 mea
356 2551 474 2602 defunsiae
488 2550 596 2599 molliter
610 2547 662 2598 offa
671 2550 768 2598 cubent.

205 2631 262 2681 Vox
274 2645 323 2680 erat
333 2634 358 2679 in
373 2632 457 2689 cursu,
467 2629 522 2679 crlm
535 2645 574 2678 me
588 2644 643 2677 mea
656 2624 765 2691 prodidit
775 2627 859 2678 umbra
871 2649 878 2678 a

238 2709 271 2758 At
283 2710 367 2759 nostra:
381 2713 422 2762 vix
435 2710 459 2757 se
475 2709 614 2760 continuere
629 2720 732 2763 manus,
929 2745 937 2776 Χ
945 2746 975 2779 ω

204 2788 273 2850 Quin
284 2789 364 2837 albam
375 2803 499 2854 raramque
510 2801 607 2835 comam
615 2818 625 2838 ‚
635 2783 815 2849 lacrymosaque
825 2788 883 2836 vino

238 2868 359 2926 Lumina,
377 2869 472 2933 rugosas
483 2864 685 2931 distraherentque
697 2878 778 2927 genas.

204 2944 240 2997 Di
252 2947 296 2996 tibi
307 2944 365 2994 dent
375 2946 501 3013 nullosque
512 2945 588 3003 lares,
602 2944 746 3008 inopemque
759 2945 890 3002 senesiam,

236 3023 268 3077 Et
282 3024 365 3094 longas
379 3025 481 3080 hiemes,
501 3037 688 3094 perpetuamque
699 3025 773 3075 sirim.
