2367 3992
235 428 238 433 ,
297 467 365 533 166
418 457 907 540 OvrvrrArrouun·

246 591 276 640 30
325 589 372 646 Et,
386 586 467 640 Felix,
480 583 560 646 dicas,
574 601 647 651 quam
658 587 698 634 sua
709 599 769 634 terra
783 585 866 634 teneti

293 664 379 714 Tutius
389 664 422 714 est
433 657 517 714 fonffe
528 678 624 718 torum,
637 659 718 728 legisse
730 662 844 723 libellos,

325 744 463 792 Threiciam
474 739 555 806 digitis
564 735 704 805 increpuisse
714 741 800 804 lyram.

291 821 340 880 At,
359 824 378 869 si
386 836 446 870 vana
458 820 537 869 serunt
549 819 659 871 volucres
670 833 724 868 mea
738 816 800 868 diua
811 817 941 884 procellae,
1025 883 1026 886 Ἴ

323 899 402 966 AEqua
413 913 493 958 tamen
507 901 582 963 puppi
597 895 743 947 sir-Galatea
753 910 811 946 tuae.

244 983 272 1031 ii
291 977 400 1027 Vestrum
409 979 500 1026 crimen
512 979 558 1025 erit
569 975 623 1025 talis
633 978 720 1041 jastura
731 975 836 1041 puellae,
854 996 856 999 ·

322 1053 484 1121 Nereidesque
495 1054 571 1115 Dea,
583 1050 764 1119 Nereidumque
774 1068 849 1119 pater.

290 1133 357 1184 Vade
369 1150 463 1183 memor
476 1132 570 1192 nostri,
584 1145 658 1183 vento
670 1129 775 1181 reditura
787 1128 907 1181 secundos
986 1141 989 1145 '

321 1210 425 1278 impleat
435 1211 478 1260 illa
488 1225 542 1260 tuos
554 1209 641 1260 fortior
651 1226 707 1259 aura
717 1213 790 1259 sinus.

289 1290 354 1339 Tum
365 1292 466 1338 marein
476 1290 526 1338 haec
538 1302 638 1353 magnus
649 1287 768 1354 pmclinet
778 1283 850 1337 litora
860 1285 965 1338 Nereusr

224 1399 226 1403 ·
238 1383 272 1430 410
321 1370 375 1420 Huc
385 1370 450 1419 venti
461 1369 550 1431 spirent
564 1386 570 1416 a
582 1368 628 1414 huc
639 1378 694 1430 agat
704 1365 770 1414 estus
781 1382 862 1432 aquas.

207 1440 213 1451 ’
289 1448 341 1513 ipsa
355 1462 423 1512 roget
436 1480 444 1505 ,
461 1445 565 1509 Zephyri
575 1446 675 1495 veniant
687 1446 713 1493 in
725 1444 799 1493 lintea
809 1443 872 1492 soli:

321 1527 373 1592 lpsa
389 1524 429 1574 tui
440 1538 536 1573 moveas
547 1518 642 1586 turgida
651 1521 705 1571 vela
715 1537 797 1570 manu.

287 1603 380 1652 Primus
393 1593 438 1666 ego
450 1602 561 1665 aspiciam
571 1611 655 1648 notam
666 1596 696 1649 de
707 1599 778 1650 litore
789 1602 873 1664 pinum
878 1615 888 1659 ς

320 1680 351 1729 Et
363 1677 457 1738 dicam,
473 1677 573 1726 Nostros
583 1675 681 1728 advehit
689 1677 732 1726 illa
742 1678 823 1727 Deos:

236 1768 267 1816 45
287 1757 457 1823 Excipiamque
466 1758 585 1816 humeris,
598 1759 623 1805 δι
635 1756 711 1805 multa
721 1759 771 1805 sine
776 1753 863 1806 ordine
873 1769 974 1822 carpam

319 1835 421 1886 Oscula:
432 1852 477 1901 pro
489 1832 567 1884 reditu
581 1837 678 1885 viiilma
687 1847 745 1884 vota
754 1831 831 1883 cadet.

285 1913 361 1980 Inque
369 1915 417 1962 tori
430 1913 534 1962 sormam
544 1911 631 1962 molles
641 1913 771 1962 sternentur
778 1928 871 1964 arenaet
923 1910 926 1915 ’

278 2048 280 2052 Α
316 1991 348 2040 Et
360 1990 466 2040 tumulus
481 1992 567 2041 mensae
578 1990 679 2057 quilibet
688 1991 759 2040 instar
771 1995 826 2042 erit.

284 2067 338 2117 Illic
349 2071 458 2133 apposito
466 2071 569 2118 narrabis
580 2068 658 2118 multa
668 2069 758 2132 Lyco,

237 2158 268 2205 qo
317 2146 386 2195 Paene
402 2149 433 2197 sit
447 2162 474 2197 ut
484 2147 569 2198 mediis
579 2149 666 2196 obruta
675 2151 742 2198 navis
753 2151 819 2215 aquis
829 2167 837 2198 a
930 2150 933 2154 ’

283 2223 399 2288 Dumque
409 2222 439 2274 ad
454 2242 492 2273 me
503 2240 629 2290 properas,
641 2242 685 2275 nec
693 2229 780 2292 iniquae
791 2241 901 2293 tempora
911 2232 1002 2295 nodis,

317 2299 369 2350 Nec
386 2315 410 2350 te
422 2305 552 2368 precipites
570 2300 702 2353 extimuisse
716 2304 804 2354 Notos.

283 2378 373 2426 Omnia
384 2394 428 2443 pro
438 2383 500 2430 veris
510 2378 607 2430 credam
618 2414 626 2440 ,
638 2384 687 2430 sint
700 2379 753 2430 flua
763 2382 854 2431 licebit.

315 2456 367 2506 Cur
376 2474 422 2523 ego
433 2472 484 2508 non
492 2462 555 2509 votis
566 2457 674 2508 blandiar
684 2462 734 2524 ipse
744 2463 819 2510 mels?

236 2543 264 2590 ii
284 2536 340 2586 Haee
351 2535 411 2584 mihi
421 2535 496 2602 quim
506 2537 629 2602 primilm,
642 2538 705 2587 coelo
716 2537 874 2592 nitidissimus
884 2539 951 2603 alto,

315 2614 412 2665 Lucifer
423 2603 642 2681 admillo'tempota
651 2631 732 2680 portet
743 2634 815 2684 equo.
859 2617 861 2620 ’

303 2720 984 2797 ‹afflat-'Qe-

440 2842 896 2920 ΕιΕοῐΑΧΗ.λ

283 2939 366 3060 Ire
378 3007 532 3077 triumphales
544 3015 635 3063 circum
646 3028 699 3065 mea
710 3033 818 3087 tempora
829 3018 907 3072 lauris

315 3088 423 3138 Vicimus
437 3107 443 3138 e
455 3090 570 3155 innostro
580 3091 613 3141 est
622 3111 675 3145 ecce
686 3094 794 3148 Corinna
802 3100 865 3150 sinu.
912 3104 915 3109 ’

281 3163 361 3227 Quam
368 3170 405 3220 vir
413 3201 422 3231 ‚
430 3185 503 3236 quam
514 3156 685 3240 iustoqquam
692 3180 762 3242 janua
769 3175 855 3239 firma,
864 3194 902 3228 tot
909 3177 999 3243 husten
