2367 3992
274 468 438 565 328Ao
460 470 629 540 lrmn
653 481 906 538 AnousrAn

303 591 410 642 Decolor
423 591 510 642 ufens
520 592 583 642 testis
595 591 686 658 ltargus
696 589 774 658 aqui,

269 667 441 736 Danubiusque
452 686 539 736 rapax,
555 674 579 719 &
590 669 679 719 Dacius
691 670 750 718 orbe
759 681 857 717 remoto

303 749 319 778 ¹*
330 745 419 812 Apulus
434 749 489 796 hnic
499 747 559 796 hosti
569 748 691 812 perbreve
701 747 792 795 Pontus
801 748 846 794 iter
858 762 865 793 z

268 822 441 891 &mensusque
452 824 523 890 fugax
534 860 542 885 ‚
554 830 579 875 δι
587 823 684 874 tandem
695 823 810 872 Dalmata
821 818 936 886 supplex,

222 915 270 962 ,ρο
302 904 446 969 Summaque
457 901 555 969 dispersi
565 919 606 968 per
615 907 672 967 juga
683 902 818 950 Pannoniis

267 977 299 1028 Et
310 979 386 1030 modo
400 980 532 1030 Germanus
544 982 660 1030 Romanis
673 981 785 1044 cognitus
796 977 871 1028 orbis.

299 1058 383 1122 Aspice
395 1071 455 1123 quot
468 1061 559 1106 meritis
570 1056 640 1122 culpa
648 1059 679 1107 sit
689 1072 736 1105 una
747 1058 837 1105 minor.

188 1150 191 1154 ·
266 1131 335 1185 Adde
351 1133 420 1201 quod
434 1136 467 1184 est
482 1137 563 1185 absens
574 1135 682 1184 fundunt
693 1150 737 1184 nec
747 1149 843 1183 cernere
854 1131 907 1180 nati

298 1213 432 1262 Semineces
442 1212 526 1263 oculos
536 1212 662 1262 sustinuere
674 1215 718 1262 tui.

219 1297 262 1344 395
266 1289 361 1357 Quique
374 1289 445 1342 dolor
455 1295 530 1340 menti
541 1291 673 1342 lenissimus
684 1288 764 1340 influit
773 1304 857 1354 egre,

298 1368 410 1434 Accipere
424 1385 447 1418 es
459 1368 532 1417 insius
541 1385 596 1418 aure
607 1371 687 1418 confla
697 1383 760 1417 tuos.

264 1443 434 1512 Praevertitque
449 1463 526 1496 metus
541 1463 582 1511 per
594 1445 666 1511 longa
682 1445 787 1511 pericula
802 1445 911 1502 ludum

297 1523 335 1572 Tu
347 1558 355 1582 ,
376 1526 461 1590 quibus
473 1522 560 1573 auditis
572 1558 580 1581 ‚
593 1526 661 1571 anxia
672 1526 759 1572 mentis
768 1538 829 1571 eras.

265 1596 322 1647 Non
339 1617 367 1648 ex
381 1603 496 1665 precipiti
507 1598 579 1648 dolor
588 1603 614 1648 in
625 1616 665 1649 tua
676 1602 864 1666 pestoravenit,

213 1687 262 1731 400
296 1675 342 1726 Sed
359 1693 400 1742 per
413 1676 523 1727 mollitos
533 1692 587 1726 ante
598 1681 685 1727 timore
695 1676 790 1743 gradus.

261 1756 369 1820 luppiter
381 1770 435 1804 ante
445 1752 513 1804 dedit
523 1755 567 1805 fati
577 1756 642 1805 mala
652 1759 718 1822 signa
728 1758 839 1816 cruenti,

295 1832 450 1883 flammiferi
460 1836 529 1898 petiit
544 1833 599 1882 ctlm
612 1836 656 1883 tria
672 1833 762 1898 templa
772 1849 865 1882 manus

171 1968 174 1972 Δ
261 1911 407 1976 lunonisque
417 1914 483 1975 gravi
492 1914 576 1970 noste,
588 1909 762 1977 impavidaeque
774 1912 907 1972 noem,

295 1991 423 2055 Sensitque
433 1991 578 2038 &immensi
588 1989 688 2041 Caesaris
698 1993 743 2039 isia
753 1988 851 2040 domus.

212 2067 343 2123 4ossidera
353 2072 411 2134 quin
421 2071 493 2118 etiam
504 2068 568 2117 coelo
580 2066 664 2133 fuglll'e
676 2068 784 2118 feruntur
793 2085 802 2126 3

293 2145 389 2195 Lucifer
408 2149 433 2194 δι
452 2145 531 2194 solitas
547 2144 676 2194 destituisse
690 2150 749 2196 uias.

260 2221 356 2271 Lucifer
366 2226 391 2270 in
405 2238 458 2272 toto
470 2223 530 2270 nulli
543 2227 678 2289 comparuit
688 2224 763 2285 orbe,

292 2299 324 2349 Et
339 2304 424 2358 venit,
445 2300 511 2348 stella
525 2318 574 2350 non
590 2318 725 2367 preeunte,
743 2302 803 2352 dies.

260 2375 346 2426 Sideris
361 2381 407 2426 hoc
417 2377 497 2425 obitus
508 2381 573 2426 terris
585 2380 669 2429 instare
683 2384 812 2444 monebat,

209 2465 258 2509 410
292 2455 322 2504 Et
332 2459 408 2521 mergi
424 2455 506 2521 Stygii
516 2457 598 2506 nobile
609 2458 691 2508 lumen
701 2459 771 2526 aqui.

259 2537 291 2583 At
302 2549 345 2594 tn,
361 2538 402 2600 qni
419 2537 510 2600 superes
519 2537 605 2585 maellae
615 2537 699 2587 solatia
707 2541 794 2599 matri,

291 2610 441 2678 Compreeor
451 2614 488 2661 illi
501 2616 543 2678 ipsi
556 2617 700 2679 conspiciare
711 2618 789 2666 senex.

258 2688 348 2754 Perque
364 2707 437 2740 annos
448 2690 572 2741 diuturnus
582 2709 620 2742 eas
630 2693 754 2760 fratrisque
766 2710 885 2763 tuosque,

290 2765 320 2814 Et
338 2770 403 2816 vivat
413 2784 471 2817 nato
481 2786 537 2818 cum
552 2771 606 2819 sene
617 2787 692 2821 mater
702 2789 768 2822 antis.

207 2848 236 2890 4¹
245 2842 375 2892 {Eventura
385 2861 477 2908 precor.
490 2846 554 2895 Deus
565 2851 672 2898 excusare
683 2852 762 2915 priora

288 2921 354 2969 Dum
370 2923 448 2983 volet,
467 2940 480 2972 a
492 2924 570 2974 Druso
580 2941 658 2976 cetera
669 2927 722 2977 laetu
732 2927 807 2978 dabit.

256 2998 295 3048 Tu
305 3013 385 3049 tamen
396 3002 450 3050 ausa
462 3017 528 3064 potes
539 3018 607 3053 tanto
618 3004 741 3069 indulgere
752 3005 832 3056 dolori
844 3027 851 3058 s

289 3077 394 3143 Longius
405 3094 432 3129 ut
442 3081 520 3139 nolis,
533 3083 578 3130 heu
589 3083 596 3131 l
613 3083 675 3132 mali
686 3084 771 3140 fortis,
783 3087 824 3136 ali.
843 3091 860 3123 θ

254 3157 303 3206 vix
318 3161 389 3208 etiam
405 3160 481 3210 fueras
491 3177 576 3226 paucas
587 3163 666 3212 vitalis
679 3166 705 3214 in
718 3166 806 3226 horas,
