2367 3992
318 412 581 533 Hrnornrs.
603 463 677 532 Er.
699 467 806 533 XIX.
861 490 923 554 103
1004 495 1006 499 ·

203 585 286 651 thue
304 601 389 651 rogem
405 582 435 634 de
447 598 487 645 te,
501 588 525 634 bc
538 586 641 634 scribam
653 586 712 646 tibi,
730 589 812 652 siquis
825 585 911 650 Abydo

236 664 351 723 Venerit,
366 678 515 728 amquam,
529 666 548 710 si
559 666 613 728 quis
626 661 731 725 Abydon
741 678 788 713 eat.
948 674 978 718 30

202 739 270 801 Quid
280 739 398 799 referam,
412 743 505 805 quoties
517 739 573 789 dem
584 741 686 790 vestibus
693 741 793 803 oscula,
804 759 897 809 quartu

234 818 430 883 Hellespontiaci
439 821 509 883 ponis
521 821 598 867 iturus
608 818 686 884 aqui?

200 899 240 947 Sic
255 899 296 946 ubi
311 897 353 946 lux
363 899 413 946 aua
424 896 472 956 est,
486 901 510 946 ὃ(
521 901 596 947 nodis
607 901 707 948 amicior
718 900 779 949 hora

233 977 350 1025 Exhibuit
359 975 428 1040 pulso
439 973 516 1024 sidera
526 975 590 1025 clara
601 974 658 1036 die3

199 1053 312 1102 Protinus
322 1057 348 1124 in
359 1055 451 1102 summa
463 1053 587 1117 vigilantia
598 1053 690 1104 lumina
698 1070 762 1106 turre
944 1081 971 1127 ³5

234 1133 365 1191 Ponimus,
378 1127 471 1180 affuetae
482 1134 549 1195 signa
558 1147 689 1197 notamque
698 1136 756 1183 viae:

190 1210 324 1276 «Tortaque
337 1211 431 1259 versato
447 1207 560 1258 ducentes
578 1209 678 1260 stamina
690 1211 761 1272 fuso,

232 1288 346 1337 feminei
362 1285 441 1336 tardas
452 1287 559 1336 fallimus
570 1303 620 1336 arte
629 1304 719 1338 morat.

197 1363 266 1426 Quid
284 1365 370 1432 loquar
379 1369 470 1416 interca
481 1380 532 1415 tam
541 1364 617 1430 longo
626 1381 751 1431 tempore,
762 1368 865 1433 quaeris?

230 1444 292 1504 Nil,
308 1447 355 1493 uiri
370 1443 472 1494 Leandri
483 1460 588 1503 nomeu,
598 1447 623 1494 in
634 1462 676 1494 ore
688 1462 745 1494 meo
760 1446 802 1493 est.

196 1523 282 1571 Jnmne
292 1538 360 1587 putes
371 1520 441 1572 exiil'e
452 1520 527 1572 domo
538 1539 591 1571 mea
608 1520 711 1588 gaudia,
724 1526 823 1573 nutrix?

137 1657 140 1663 ,
230 1601 377 1666 invigilant
386 1603 485 1650 onmes?
496 1605 520 1650 δι
531 1600 651 1650 rimetille
659 1602 712 1650 suos
722 1605 730 1650 Ξ

164 1690 167 1699 “
195 1679 282 1731 Jamne
293 1682 345 1728 suas
356 1683 460 1729 humeris
471 1679 542 1728 illum
553 1677 672 1744 deponere
682 1680 772 1737 vestes,

232 1756 330 1807 Pallade
343 1762 393 1824 iarn
404 1759 486 1823 pingui
498 1760 588 1820 tingere
600 1758 723 1816 membra,
735 1764 821 1823 putes?

194 1835 289 1887 Annuit
299 1837 343 1885 illa
353 1834 401 1885 fere
412 1854 418 1884 r
430 1852 480 1885 non
490 1834 570 1883 nostra
579 1832 646 1900 quod
657 1835 739 1884 oscula
749 1852 830 1894 curer;

231 1911 278 1962 Sed
287 1929 371 1963 movet
381 1914 497 1978 obrepens
508 1914 605 1960 somnus
616 1911 679 1961 anile
690 1926 770 1976 caput.

194 1992 299 2058 Postque
309 2008 386 2042 morae
393 1994 537 2050 minimum,
548 1989 602 2038 lam
617 1987 680 2038 certe
687 1993 798 2056 navigat,
810 1993 919 2057 inquam.

230 2070 352 2136 lentaque
364 2068 463 2120 dimotis
474 2069 571 2120 brachia
579 2069 651 2133 jastat
661 2071 737 2133 aquis.

193 2148 322 2216 Paucaque
335 2147 392 2198 clm
403 2146 464 2197 calli
475 2144 563 2211 perfeci
573 2144 674 2194 stamina
683 2145 748 2204 reim

229 2224 360 2276 Anmedio
371 2229 462 2292 possis,
473 2226 619 2291 querimur,
632 2221 679 2273 effe
690 2223 763 2274 freto.
937 2231 967 2275 50

191 2304 227 2354 Et
236 2303 314 2355 modb
321 2307 493 2371 prospicimus:
504 2301 589 2354 timidi
599 2300 676 2352 modb
685 2319 745 2354 voce
755 2320 900 2370 precamur,

228 2383 264 2432 Ut
274 2385 319 2432 tibi
330 2381 372 2433 det
385 2383 467 2432 faciles
477 2381 542 2431 utilis
557 2398 614 2430 aura
624 2384 682 2431 vias.

191 2462 297 2512 Auribus
307 2459 430 2512 interdum
439 2476 510 2512 vocer
524 2474 663 2524 captamus,
674 2462 700 2508 bt
711 2476 812 2511 omnem

228 2537 350 2590 Adventus
357 2540 479 2604 strepitum
489 2536 608 2587 credimur
619 2533 665 2586 effe
675 2539 717 2586 tui

190 2618 232 2666 Sic
243 2618 285 2667 ubi
296 2615 400 2684 decepte.
411 2633 464 2682 pars
472 2617 505 2665 est
512 2618 572 2665 mihi
583 2618 689 2665 maxima
698 2619 774 2666 nodis
935 2620 962 2664 55

226 2696 300 2757 Aria,
316 2698 380 2745 subit
391 2696 475 2745 furtim
487 2695 579 2744 lumina
592 2690 650 2741 feffa
661 2695 741 2757 sopor.

191 2774 303 2824 forsitan
313 2778 419 2835 invitus,
431 2789 527 2822 mecum
539 2785 633 2830 tamen,
645 2773 775 2836 improbe,
793 2771 895 2829 dormire
915 2826 919 2833 ,

226 2851 256 2900 Et
263 2868 433 2919 fquamquam
450 2868 500 2903 non
511 2853 545 2900 vis
555 2851 605 2915 ipsc
616 2853 709 2912 venire,
725 2856 800 2903 venis.

189 2928 256 2980 Nam
266 2929 346 2981 modb
354 2945 376 2980 tc
385 2931 469 2982 videor
479 2946 553 2996 prope
564 2945 604 2978 me
618 2930 720 2995 speum
732 2948 871 2996 natantem

225 3009 326 3060 Brachia
336 3027 399 3060 nunc
411 3012 513 3061 humeris
523 3006 623 3058 humida
631 3008 691 3060 ferre
702 3015 770 3063 meis.
931 3014 943 3048 ⁶
949 3019 962 3050 θ

191 3087 348 3148 Nunc'dare,
360 3105 414 3155 quae
422 3089 503 3147 soleo,
515 3085 618 3136 madidis
629 3088 748 3140 velamina
758 3093 887 3141 menrbrisr

226 3165 325 3223 Pelion
338 3183 401 3221 nunc
411 3170 493 3237 jubilo
503 3166 580 3221 restra
590 3165 674 3220 furere
685 3173 768 3297 sinon

759 3265 763 3275 ·
784 3263 808 3298 rr

940 1489 972 1532 40
