2367 3992
310 450 576 517 Hunorum.
603 443 678 510 Er.
699 444 808 512 XIII.
870 449 911 508 61

197 566 314 619 OfficIum
327 569 403 618 fecere
415 572 500 634 plum,
515 565 555 616 sed
566 565 652 615 inutile
666 565 746 614 nobis.

230 645 348 712 Indignor
361 642 453 696 'misere
463 662 513 696 non
522 640 613 693 licuisse
624 646 696 692 mori.

195 724 232 774 Ut
243 723 315 774 rediit
326 729 418 774 animus
427 761 436 784 ‚
445 729 532 789 pariter
544 721 632 772 rediere
643 720 754 771 dolores:

229 803 328 852 Pectora
340 803 460 867 legitimus
472 802 532 851 callo
541 800 758 851 momorditamor.
911 813 966 858 ἰο

195 879 248 929 Nec
259 883 322 930 mihi
334 879 460 946 peslendos
471 897 526 930 cura
534 881 569 931 est
579 880 681 944 praebere
692 878 806 945 capillos:

229 958 281 1008 Nec
296 959 357 1008 libet
367 957 448 1008 aurati
459 975 559 1022 corpora
568 958 630 1006 veste
645 961 702 1023 tegi.

194 1035 231 1085 Ut
240 1053 299 1103 quas
309 1036 437 1102 pampined
448 1033 548 1101 tetigisse
559 1037 698 1102 Bicorniger
712 1033 777 1084 hasti

228 1111 362 1175 Creditur,
373 1117 419 1164 huc
434 1114 506 1174 illuc,
520 1113 568 1180 quo
583 1114 649 1164 furor
660 1117 727 1179 egit,
743 1130 781 1162 eo.

194 1186 354 1242 Conveniunt
388 1209 448 1243 atres
459 1191 595 1256 Phyllel'des
604 1228 615 1252 ,
624 1197 648 1242 ut
657 1194 718 1240 mihi
728 1190 848 1251 element3
932 1202 960 1247 35

227 1269 305 1319 Indue
319 1202 424 1335 refice,
436 1267 583 1331 Laodamia,
596 1274 669 1320 unus.

194 1347 292 1396 Scilicet
303 1350 354 1416 ipsa
362 1366 444 1414 geram
454 1350 565 1398 saturatas
575 1353 666 1399 murice
676 1348 767 1408 vestes,

226 1424 294 1474 Bella
304 1427 347 1475 sub
358 1426 435 1476 Iliacis
445 1427 565 1476 moenibus
574 1427 616 1476 ille
625 1442 691 1492 gerat
700 1430 710 1476 i

193 1499 246 1566 Ipsa
258 1519 342 1552 comas
356 1507 449 1569 pellor,
462 1494 609 1571 galeicaput
619 1504 660 1554 ille
672 1506 810 1570 prematur?

225 1581 280 1646 Ipsa
291 1599 365 1633 novas
375 1583 463 1642 vester,
481 1580 539 1633 dura
548 1586 584 1633 vir
595 1600 660 1632 arnna
670 1583 747 1632 ferat?
926 1599 958 1643 4ο

192 1657 248 1718 Qud
260 1656 374 1724 possum,
385 1660 494 1726 squalore
505 1676 557 1710 tuos
573 1664 667 1711 imitata
678 1659 770 1710 labores
884 1666 899 1705 x

217 1728 301 1787 Dicit
310 1758 317 1787 ι
327 1743 351 1788 δι
366 1741 414 1789 haec
425 1740 483 1790 belli
491 1756 600 1804 tempora¹
610 1741 679 1790 tristis
689 1755 768 1804 again.

191 1814 249 1866 Dux
261 1818 316 1866 Pari
326 1815 458 1879 Priamide,
473 1816 564 1868 damno
576 1818 681 1868 formose
691 1831 806 1872 tuorum,

224 1896 289 1944 Tam
302 1899 333 1944 sis
344 1896 416 1945 hostis
426 1901 487 1945 iners
497 1931 505 1956 ,
517 1897 592 1963 quim
603 1894 679 1944 malus
690 1895 773 1958 hospes
784 1907 843 1940 erat.

190 1973 240 2026 Aut
257 1989 280 2024 te
291 1975 405 2024 Taenariae
416 1975 503 2025 facicm
514 1973 617 2041 culpasse
629 1976 736 2033 marite,
927 1995 956 2038 45

224 2053 276 2102 Aut
285 2051 322 2101 illi
333 2052 420 2102 vellem
428 2051 572 2119 displicuisse
583 2069 656 2103 tuam.

189 2132 214 2182 Τ
215 2149 230 2181 ιι
243 2168 251 2192 ,
266 2135 309 2198 qui
319 2148 363 2196 pro
375 2146 442 2196 rapta
452 2132 571 2192 nimium,
583 2129 711 2190 Menelai-3,
722 2128 815 2179 laboras
822 2164 833 2191 ,

223 2211 272 2260 Hei
287 2209 363 2259 mihi!
380 2211 454 2276 quim
466 2209 548 2258 multis
561 2207 648 2258 flebilis
663 2208 727 2257 ultor
744 2207 800 2255 eris!

188 2287 244 2348 Di,
258 2288 342 2352 p‘recor
352 2322 360 2346 ‚
372 2304 385 2336 a
397 2288 466 2336 nobis
477 2304 550 2337 omen
559 2302 680 2338 removete
691 2285 826 2336 sinistrum:

222 2365 257 2415 Et
267 2367 307 2414 sua
321 2364 362 2415 det
376 2364 458 2415 reduci
465 2369 501 2416 vir
512 2383 577 2414 meus
588 2383 655 2415 arma
665 2366 728 2416 Iovi.
928 2390 958 2434 50

188 2442 238 2496 Sed
253 2447 327 2496 timeo
340 2448 498 2512 :quotiesque
514 2445 576 2495 subit
587 2443 719 2494 miserabile
733 2441 842 2503 bellum,

221 2524 296 2573 More
306 2527 366 2572 ulvis
378 2525 489 2586 lacrymae
499 2522 548 2572 sole
559 2523 677 2574 madentis
688 2541 753 2574 eunt.

189 2603 255 2652 llion
266 2607 291 2651 δι
304 2601 429 2662 Tenedos,
440 2605 588 2668 Simo'Isque,
602 2607 626 2651 δι
638 2602 730 2654 Xantus
741 2606 765 2652 δι
776 2598 833 2659 lde,
920 2604 923 2621 ¹

222 2679 332 2729 Nomina
347 2683 401 2730 sunt
415 2683 466 2746 ipso
479 2698 544 2745 paeue
556 2678 663 2730 timenda
674 2683 743 2730 sono.

188 2758 243 2809 Nec
261 2774 341 2822 rapere
352 2761 463 2818 ausurus,
474 2760 518 2806 nisi
533 2759 556 2806 se
567 2755 694 2808 defendere
703 2752 798 2822 pollet,
927 2782 952 2829 55

223 2835 316 2900 Hospes
328 2852 390 2886 erar:
403 2840 464 2887 vires
474 2851 572 2886 noverat
579 2836 622 2885 ille
631 2838 690 2884 suas.

189 2913 314 2970 Venerat,
330 2929 357 2963 ut
368 2914 432 2964 fama
448 2915 495 2974 est,
506 2914 585 2964 multo
597 2913 727 2978 spectabilis
742 2929 817 2974 auro,
841 2902 843 2906 ι

222 2989 320 3056 Quique
331 2991 373 3039 suo
384 2992 495 3058 Phrygias
504 3009 605 3058 corpore
616 2992 687 3042 ferret
696 3009 761 3058 opes.

189 3064 272 3120 Classe
286 3071 389 3134 virisque
402 3086 505 3134 potens,
516 3088 557 3136 per
565 3088 617 3137 quae
626 3070 676 3120 fera
685 3071 748 3121 bello
758 3087 887 3138 geruntur:

222 3145 254 3197 Et
265 3147 371 3218 sequitur
378 3151 444 3221 regni
451 3164 503 3215 pars
511 3164 688 3218 quotacumque
700 3151 744 3202 sui.
924 3167 955 3205 oo
