2367 3992
273 603 336 667 188
388 576 881 672 Ovsnrr'Auonust

267 720 303 769 Te
313 737 409 786 quoque
419 718 558 786 promiffam
568 721 682 784 Xantho,
696 722 771 773 Penie
781 759 789 784 ,
801 722 920 775 creusam

299 800 440 850 Phthiotam
458 805 524 850 terris
540 799 669 850 occuluisse
690 802 778 853 ferunt.

266 876 332 938 Quid
341 879 441 928 referam
456 880 569 944 Asopon,
582 897 655 947 quem
667 883 731 945 cepit
740 881 831 929 Martia
842 880 945 942 Thebe,

297 956 414 1005 Natarum
429 956 512 1005 Thebe
524 961 630 1023 quinque
643 958 722 1008 futura
733 974 816 1022 parens
829 961 838 1007 Ξ

218 1041 245 1086 35
265 1032 364 1085 Cornua
380 1038 399 1084 si
416 1048 456 1085 tua
467 1048 531 1083 nunc
543 1037 582 1084 ubi
596 1039 656 1090 sint,
668 1036 788 1096 Acheloe,
801 1039 939 1102 requiram,

296 1113 405 1163 Herculis
420 1112 479 1162 irati
490 1112 562 1162 fracia
572 1114 670 1179 querire
682 1130 764 1162 manu.

264 1190 315 1242 Nec
326 1193 385 1241 tanti
393 1189 508 1253 Calydon
517 1227 526 1252 ,
536 1208 579 1239 nec
595 1206 646 1240 tota
656 1191 748 1241 AEtolia
758 1193 838 1252 tanti,

295 1269 351 1319 Una
368 1285 449 1319 tamen
466 1273 525 1319 tanti
543 1269 659 1318 Deianira
675 1273 730 1319 fuit.

262 1346 306 1397 lue
314 1345 464 1397 fluens’dives
474 1349 570 1411 septena
577 1364 619 1412 per
630 1347 687 1397 ostia
698 1347 769 1398 Nilus
780 1382 788 1408 ‚

214 1446 246 1490 4)
297 1426 345 1486 Qui
356 1429 459 1492 patriam
470 1439 541 1475 tantae
552 1440 602 1473 ram
618 1426 678 1474 bene
692 1425 755 1475 ceiat
767 1441 854 1492 aquae,

262 1503 345 1552 Fertur
361 1507 387 1552 in
402 1501 500 1553 Euadne
515 1503 641 1552 coiiedlam
652 1501 755 1568 Asopide
769 1502 897 1556 flammam

295 1581 397 1631 Vincere
413 1582 546 1646 gurgitibus
561 1597 612 1629 non
629 1578 731 1646 potuiss'e
746 1583 801 1630 suis.

264 1661 344 1708 Siccus
362 1659 509 1723 utbmpledii
519 1657 658 1708 Salmonida
669 1656 745 1724 posset
762 1660 881 1726 Enipeus,

298 1734 391 1785 Cedere
406 1736 473 1795 jussit
485 1752 572 1801 aquam
587 1734 663 1801 =Juffa
675 1741 769 1786 recessit
783 1755 855 1803 aqua.
885 1798 887 1806 Ι

212 1830 242 1875 45
262 1813 313 1863 Nec
326 1829 348 1862 te
363 1829 493 1878 pretereo,
506 1817 562 1880 qui,
574 1831 615 1879 per
626 1831 683 1865 cava
694 1818 747 1865 saxa
756 1816 887 1879 volutans,

296 1893 392 1942 Tiburis
403 1891 473 1957 Argei
484 1893 599 1957 spumifer
614 1909 669 1944 arva
679 1897 750 1960 rigas.

262 1969 307 2021 Ilia
322 1974 361 2020 cui
376 1970 479 2035 placuit,
490 1974 600 2037 quamvis
613 1987 662 2021 erat
674 1971 771 2023 horrida
787 1973 873 2035 cultu,

296 2048 382 2113 Ungue
400 2063 483 2097 notata
498 2065 599 2109 comas,
613 2067 692 2115 ungue
706 2066 790 2100 notata
802 2068 883 2117 genas.

263 2125 326 2180 Illa,
341 2142 438 2190 gemens
447 2130 573 2193 patruique
585 2128 668 2187 nefas,
681 2125 814 2195 deumque
824 2131 912 2181 Martis
922 2167 932 2196 ‚

221 2215 250 2260 50
301 2205 400 2253 Errabat
413 2204 479 2255 nudo
496 2222 536 2270 per
550 2206 605 2254 loca
616 2206 666 2256 sola
682 2206 752 2272 pede.

262 2281 330 2330 Hanc
347 2286 424 2332 amnis
435 2282 523 2347 rapidis
534 2287 656 2335 animosus
667 2285 728 2334 vidit
739 2287 768 2335 ab
783 2285 871 2349 undis,

295 2360 421 2425 Raucaque
437 2358 467 2409 de
482 2359 568 2410 mediis
579 2363 673 2413 sustulit
683 2381 726 2413 ora
736 2362 819 2414 vadis:

261 2435 340 2503 Atque
351 2441 401 2498 ita,
414 2437 473 2503 quid
483 2439 572 2488 nostras
585 2476 592 2499 ‚
605 2443 702 2506 inquit,
720 2443 775 2491 reris
785 2443 855 2493 anxia
865 2446 949 2510 ripas,

295 2516 339 2564 iiia
348 2516 377 2564 ab
388 2514 453 2565 Idaeo
465 2517 630 2567 Laomedonte
641 2523 732 2582 genus?

218 2605 228 2650 5
235 2603 244 2648 5
265 2593 321 2656 Quis
334 2595 411 2645 cultus
422 2599 501 2645 abiere
515 2599 565 2645 tui?
576 2595 635 2661 quid
647 2597 697 2646 sola
707 2600 815 2662 vagaris?

296 2675 364 2725 Vitta
374 2691 420 2724 nec
437 2677 539 2725 evinstas
549 2672 652 2739 impedit
663 2676 718 2724 alba
728 2684 827 2728 comas?

263 2752 329 2812 Quid
341 2752 382 2802 fles
395 2788 404 2814 ,
417 2756 441 2803 ὃ(
454 2751 565 2802 madidos
579 2754 691 2815 iacrymis
700 2757 833 2819 corrumpis
844 2754 955 2806 ocellos?

294 2833 438 2898 Peiioraque
453 2830 536 2881 insani
548 2830 641 2896 plangis
652 2847 732 2897 aperta
746 2835 837 2881 manu?

261 2909 306 2959 ille
320 2912 392 2958 habet
408 2915 432 2959 bc
445 2910 540 2968 silices,
559 2912 583 2957 &
595 2913 678 2959 vivum
690 2913 717 2958 in
733 2912 828 2975 pedore
839 2909 947 2970 ferrum,

213 3001 245 3040 σο
296 2988 344 3049 Qui
361 3003 442 3037 tenero
456 2988 573 3050 lacrymas
589 2987 667 3036 lentus
683 2991 708 3037 in
719 3005 761 3037 ore
773 2986 849 3038 videt.

261 3067 322 3125 iiia,
341 3081 404 3129 pone
414 3078 507 3114 metus:
520 3065 564 3113 tibi
583 3067 648 3128 regia
657 3065 737 3115 nostra
747 3067 856 3131 patebit,

294 3144 377 3209 Teque
388 3141 469 3193 colent
484 3157 564 3190 amnes
581 3141 662 3200 :llia,
682 3158 744 3206 pone
760 3159 847 3193 metus.

209 3208 212 3214 Α
261 3225 300 3276 Tu
311 3207 457 3271 centum'aut
467 3219 546 3285 plures
557 3222 634 3278 inter,
651 3218 820 3283 dominabere,
834 3220 976 3289 Nymphaea

271 3297 273 3301 ’
293 3299 466 3357 Nummorum
477 3313 518 3350 aut
527 3297 608 3366 plures
616 3296 718 3350 flumina
727 3298 807 3351 nostri
818 3312 912 3354 tenent.
