2367 3992
263 483 731 553 [resumtum
761 486 905 575 X.141

187 603 254 670 Ergo
266 603 382 654 desidiam
393 608 537 671 quicumque
547 608 644 655 vocavit
655 623 782 667 amorem,

221 684 433 748 Desinatzingenii
445 683 477 731 est
488 686 626 749 experientis
637 701 716 733 amor.

189 760 269 812 Ardet
278 765 305 810 in
317 760 418 810 abducii
428 760 533 810 Briseide
543 762 635 809 maestus
646 761 761 810 Achilles.

215 834 292 888 'Dum
304 840 360 888 licet
372 874 380 899 ,
392 840 514 904 Argolicas
526 838 644 904 frangite,
656 840 749 898 Troes,
762 853 829 903 opes.

190 906 281 966 Hector
291 918 321 965 ab
335 915 505 966 Andromacha
517 918 680 982 complexibus
691 917 742 965 ibat
752 920 778 964 in
788 930 871 966 arma:
933 936 959 981 35

224 995 273 1056 Et,
285 995 378 1060 galeam
389 998 461 1061 capiti
476 1011 528 1061 quae
540 993 624 1054 daret,
636 1011 696 1044 uxor
707 1009 765 1042 erat.

192 1075 293 1122 Summa
304 1070 393 1121 ducum
403 1070 496 1121 Atrides
506 1107 513 1131 ‚
524 1074 574 1122 visa
585 1070 734 1131 Priameide,
746 1070 822 1120 fertur

225 1148 344 1200 Manadis
360 1149 439 1199 effusis
454 1147 597 1214 obstupuille
610 1152 694 1198 comis.

193 1228 260 1280 Mars
275 1216 372 1295 quoque
384 1226 510 1292 deprensus
524 1227 617 1276 fabrilia
623 1226 724 1277 ¹vinculat
735 1228 823 1275 sensit:
887 1217 894 1225 ”

226 1306 317 1355 Notior
329 1310 356 1355 in
368 1306 432 1355 coelo
442 1305 523 1354 fabula
534 1304 601 1354 nulla
612 1305 666 1354 fuit.
931 1316 964 1359 40

194 1384 247 1451 Ipse
258 1385 388 1449 ego'segnis
402 1401 480 1442 eram,
493 1381 653 1448 disciniiaque
665 1386 690 1432 in
701 1385 751 1431 otia
761 1396 830 1432 natus
842 1401 849 1430 ε

153 1521 159 1528 ‚
227 1464 372 1512 Mollierant
387 1465 479 1511 animes
490 1461 561 1510 iccius
574 1465 599 1510 &
611 1463 695 1509 umbra
704 1477 782 1510 mcor.

195 1541 297 1608 Impulit
309 1542 422 1605 ignavum
435 1540 547 1588 formose
558 1556 614 1588 cura
625 1540 725 1604 puellae,

229 1619 302 1668 Jussic
318 1621 343 1666 &
358 1621 383 1665 in
394 1617 470 1666 castris
481 1633 527 1666 aera
539 1634 629 1666 merere
641 1619 696 1665 suis.

195 1694 256 1746 lnde
271 1693 337 1744 vides
350 1695 452 1759 agilem,
470 1697 631 1760 nociurnaque
641 1695 704 1744 bella
713 1708 843 1759 gerentem.
931 1707 961 1752 45

231 1773 280 1832 Qui
290 1772 358 1822 nolet
368 1771 418 1820 fieri
430 1769 559 1820 desidiosus
570 1806 577 1831 ‚
590 1787 664 1821 amet.

213 1874 892 1950 ez--xQSssQ-„ffl

393 2006 646 2068 ELEGIA
685 2006 724 2066 X.

200 2097 272 2244 O
282 2187 300 2223 u
309 2183 324 2219 Α
333 2187 362 2220 cr
373 2186 383 2218 s
395 2205 402 2230 ‚
417 2170 447 2219 ab
457 2168 547 2220 Euroti
561 2170 669 2234 Phrygiis
684 2172 763 2218 auceia
778 2172 877 2225 carinis,

234 2249 388 2314 Conjugibus
399 2247 456 2297 belli
467 2251 535 2298 causa
549 2247 641 2297 duobus
652 2264 701 2297 erat
713 2262 730 2297 t.

200 2328 287 2389 Qualis
304 2325 440 2387 eratLede,
452 2344 540 2393 quarn,
552 2327 640 2392 plumis
657 2325 751 2376 abditus
762 2327 842 2389 albis,

236 2405 347 2456 Callidus
363 2408 397 2467 inf
406 2404 465 2454 falsa
476 2405 532 2454 lusit
542 2403 635 2455 adulter
649 2423 704 2455 avet

201 2484 289 2544 Qualis
299 2485 433 2547 Amymone
444 2487 511 2534 siccis
522 2485 617 2534 errabat
622 2488 649 2534 in
659 2488 735 2545 arvis,
780 2517 784 2522 -
937 2502 947 2547 5

237 2561 302 2611 Cum
313 2577 430 2627 premeret
437 2563 524 2610 summi
531 2565 626 2611 verticis
637 2576 695 2610 urna
706 2577 802 2610 comam
813 2579 821 2618 ;

202 2638 271 2690 Talis
283 2656 345 2688 cras:
355 2639 507 2706 aquilamque
515 2643 540 2688 iu
548 2655 571 2688 te
580 2654 721 2704 taurumque
731 2638 863 2696 timebam,

237 2717 268 2765 Et
278 2716 394 2785 quicquid
404 2733 492 2781 magno
507 2717 537 2766 de
548 2719 606 2766 Jove
618 2717 675 2765 fecit
686 2717 769 2764 Amor.

203 2793 277 2843 Nunc
291 2797 364 2844 timor
375 2797 454 2844 'omnis
464 2795 540 2854 abest,
553 2796 674 2858 animique
684 2795 787 2842 resanuit
794 2810 858 2844 error
868 2813 877 2855 ς

238 2871 290 2921 Nec
306 2872 378 2921 facies
387 2870 469 2921 oculos
481 2876 529 2938 jam
541 2873 606 2936 capit
621 2872 663 2920 ilia
673 2888 747 2920 meos.
940 2898 969 2929 10

205 2949 259 3000 Cur
274 2954 319 2999 sim
330 2965 447 3006 mutatus,
465 2954 566 3016 quaeris?
581 2953 638 3016 quia
647 2967 745 3000 munera
753 2953 838 3018 poscis.

239 3027 297 3078 Hac
309 3043 332 3077 te
344 3044 394 3076 non
404 3031 492 3092 patitur
501 3031 569 3078 causa
578 3029 672 3094 placere
682 3032 750 3079 milri.

206 3105 293 3155 Donec
307 3122 356 3155 eras
372 3105 489 3170 simplex,
504 3111 611 3157 animum
621 3124 677 3156 cum
688 3125 787 3173 corpore
798 3109 893 3159 amavit

242 3183 313 3236 Nunc
322 3186 409 3234 mentis
421 3185 482 3238 titio
494 3183 548 3236 laesa
557 3184 633 3251 figura
645 3187 736 3236 tuaest.
775 3252 779 3259 ι
