2367 3992
291 484 355 529 122
407 460 450 527 P.
474 458 660 525 Onrnrr
681 457 912 527 Nasonis

283 583 356 635 Certe
367 599 412 648 ego
421 582 532 632 convalui
543 579 653 630 nondum
664 578 693 629 de
703 581 800 631 vulnere
812 581 854 630 tali
864 597 872 640 3

318 664 352 713 Ut
364 662 462 728 Jaculo‚
479 663 570 725 scriptis
584 662 676 708 eminus
687 662 732 708 isla
746 662 801 707 tuis.

281 740 348 801 'Quid
364 757 444 790 tamen
454 742 500 788 huc
512 739 607 788 venias?
619 754 680 787 anne
696 753 722 787 ut
733 737 867 787 miserabile
880 754 988 806 corpus,

314 819 406 883 Ingenii
418 815 499 868 videas
510 817 566 865 bina
577 832 666 880 tropaea
677 819 722 864 tui.

231 895 439 962 215C0ncidimus
454 899 549 955 macie,
561 893 630 944 color
641 893 674 943 est
684 897 733 943 sine
750 894 863 961 sanguine
871 914 877 944 ε
886 897 987 964 qualem

310 976 337 1023 ln
350 991 425 1039 pomo
442 973 520 1022 refero
535 988 616 1022 mente
630 969 699 1021 fuiffe
715 988 766 1022 tuo.

276 1050 388 1103 Candida
398 1069 442 1102 nec
453 1055 531 1101 mixto
543 1052 668 1100 sublucent
678 1068 720 1103 ore
731 1053 831 1102 rubore:

304 1126 396 1181 Forma
406 1134 465 1180 novi
477 1131 531 1180 talis
543 1133 669 1180 marmoris
680 1126 726 1177 elle
738 1129 808 1179 solet.

273 1210 374 1275 Argenti
390 1210 460 1259 color
470 1209 503 1258 est
513 1211 575 1258 inter
584 1210 697 1258 convivia
712 1207 783 1281 talis,

226 1317 273 1350 220
306 1287 380 1350 Quod
394 1291 483 1338 tastum
493 1285 578 1353 gelide
590 1286 679 1350 frigore
690 1284 765 1349 pallet
774 1302 852 1352 aquae.

272 1370 297 1418 Si
312 1386 351 1417 me
368 1384 432 1416 nunc
445 1366 541 1420 videas,
553 1367 628 1414 visam
637 1366 701 1429 prius
712 1360 759 1412 else
769 1366 882 1430 negabist

303 1449 361 1496 Arte
374 1462 418 1495 nec
430 1445 477 1502 est,
492 1442 571 1502 dices,
583 1443 626 1491 ista
641 1439 743 1506 petenda
753 1442 821 1492 mel:

270 1524 432 1589 Promissique
450 1521 539 1580 fidem,
554 1538 584 1570 ne
596 1524 642 1570 sim
652 1522 696 1568 tibi
706 1523 800 1586 junsta,
812 1525 936 1586 remittes3

301 1603 333 1651 Et
343 1605 423 1666 cupies
434 1599 497 1649 illud
506 1615 556 1648 non
567 1595 702 1647 meminisse
712 1598 800 1648 Deam.

221 1683 377 1750 225Forsitan
394 1683 419 1729 δι
431 1678 521 1738 facies,
535 1682 613 1742 jurem
625 1691 652 1725 ut
661 1680 781 1728 contraria
790 1680 884 1741 rursus;

301 1759 407 1825 Quaeque
420 1757 516 1823 legam,
530 1759 611 1805 mittes
622 1755 696 1804 altera
705 1757 777 1806 verba
787 1758 857 1806 mihi.

267 1837 314 1889 Sed
332 1853 413 1887 tamen
423 1839 535 1901 aspiceres
544 1833 648 1894 vellem,
664 1848 735 1898 prout
750 1837 799 1899 ipse
810 1838 927 1901 rogabas,

300 1916 330 1967 Et
341 1915 416 1966 discas
430 1917 521 1981 sponsae
532 1911 646 1977 languida
656 1913 765 1961 membre
777 1928 832 1962 tuae.
989 1903 992 1909 ’

266 1997 355 2047 Durius
370 2000 395 2044 &
407 1995 470 2044 ferro
481 1991 537 2043 etlm
554 1992 742 2055 erumpentis,
757 1994 862 2054 Aconti,

220 2086 265 2135 ¹30
298 2077 337 2125 Tu
347 2077 442 2124 veniam
455 2072 540 2120 nostris
549 2070 648 2119 vocibus
659 2070 708 2133 ipse
721 2084 796 2134 petas.

265 2153 303 2203 Ne
320 2168 399 2202 tamen
410 2155 517 2215 ignorest
526 2164 572 2212 ope
582 2147 631 2212 qud
641 2147 783 2197 revalescere
794 2151 904 2214 possim,

297 2229 417 2290 Quaeritur
428 2245 442 2276 a
453 2225 553 2290 Delphis
570 2225 619 2273 fata
630 2241 729 2274 canente
740 2226 804 2276 Deo.

263 2309 285 2358 I's
295 2322 391 2374 quoque
402 2306 481 2354 nescio
492 2319 564 2368 quam
574 2337 583 2362 ‚
595 2318 658 2350 nunc
667 2316 694 2351 ut
700 2319 761 2367 vaga
771 2304 837 2355 sama
847 2309 968 2373 susurrat,

295 2385 435 2451 Negleslam
448 2384 555 2449 queritur
565 2379 628 2430 testis
635 2382 721 2429 habere
732 2379 815 2431 fidem.

216 2467 317 2532 235lrloc
331 2464 397 2514 Deus
406 2465 430 2512 δι
440 2474 522 2519 vates,
536 2461 615 2507 hoc&
626 2475 680 2507 mea
687 2463 793 2509 carmina
801 2459 900 2516 dicunt:

295 2545 327 2595 At
340 2542 424 2592 desunt
433 2552 493 2590 voto
508 2539 613 2586 carmina
627 2536 694 2586 nulla
710 2552 761 2589 tuo.

262 2621 334 2675 Unde
345 2622 388 2672 tibi
401 2620 468 2670 lavor
476 2618 514 2665 hic
526 2620 535 2665 2
547 2619 592 2664 nisi
603 2613 670 2681 quod
680 2632 743 2666 nova
758 2617 820 2668 forte
831 2636 924 2686 reperta
935 2625 983 2686 est,

296 2702 355 2763 Quae
366 2700 444 2764 capiat
455 2711 555 2760 magnos
568 2693 637 2742 litera
651 2694 710 2743 lesia
722 2696 797 2747 Deos.

262 2781 345 2846 Teque
357 2790 451 2827 tenente
463 2774 547 2832 Deos,
564 2788 653 2821 numen
661 2775 747 2838 sequor
757 2778 807 2840 ipsa
819 2777 946 2840 Deorum3

215 2870 260 2913 240
294 2859 382 2924 Doque
394 2853 469 2902 libens
480 2854 551 2900 vicus
561 2854 588 2898 in
600 2865 640 2898 tua
651 2867 708 2899 vota
719 2870 812 2904 manus.

260 2934 375 3000 falsaque
386 2934 438 2980 sum
454 2931 526 2977 matri
536 2926 641 2991 deceptae
653 2926 743 2979 fordere
754 2931 857 2998 linguae,

294 3014 396 3063 Lumina
409 3007 455 3056 fixa
472 3021 570 3063 tenens,
586 3006 656 3069 plena
667 3006 781 3070 pudoris,
793 3014 878 3064 humo.

167 3113 175 3141 ,’
260 3094 349 3148 Cetera
359 3104 415 3138 cura
426 3102 466 3135 tua
476 3085 508 3134 est
516 3103 523 3132 t
532 3083 584 3148 plus
595 3085 643 3132 hoc
653 3102 749 3152 quoque
760 3091 851 3153 virgine
863 3092 972 3161 fanum,

292 3173 351 3224 Non
363 3169 445 3219 timuit
455 3180 535 3215 tecum
544 3160 613 3230 quod
619 3180 674 3214 mea
680 3167 761 3219 charta
768 3167 845 3235 loqui.
