2367 3992
255 359 444 432 ordiri
461 356 794 430 AuauorMIl.
837 364 905 444 269

220 483 258 534 En
270 502 315 550 ego
325 520 333 544 ,
345 483 482 543 confiteor,
494 485 602 532 nonnisi
614 483 681 531 laesus
693 496 758 529 amo.

188 561 266 613 Causa
278 578 359 613 tamen
370 562 475 610 nimitlrn
486 579 536 611 nou
550 565 580 610 sit
593 559 717 609 manifesta
729 555 835 605 doloris:
932 609 934 614 ,

221 641 337 707 Pluraque
348 640 454 689 solicitus
465 676 472 699 ,
484 641 559 705 qurlm
570 642 630 688 sciat
640 673 648 697 ,
660 634 707 686 else
718 650 795 701 putet.

188 718 275 768 incitet
293 724 317 768 δι
335 717 384 767 lidi
401 719 470 767 tristis
486 715 592 766 custodia
611 718 687 776 servi,

221 797 254 845 Et
263 797 368 846 uimitlm
379 794 433 844 duri
448 812 503 844 tura
513 795 614 843 molesta
629 797 684 844 viri.

188 874 249 934 Quae
259 877 326 922 verrit
338 890 365 921 ex
375 888 445 933 tuto,
457 877 536 922 minus
544 872 577 921 est
587 887 686 937 accepta
695 870 808 935 voluptas
819 885 826 918 ι

220 951 256 999 Ut
268 955 297 1000 sis
310 951 407 1000 liberior
419 950 531 1009 Thaide3
545 950 609 1015 finge
620 967 707 1000 metus.

186 1028 253 1080 Cum
265 1029 351 1080 melitis
361 1030 451 1077 foribus
459 1032 550 1092 possis,
564 1025 666 1077 admitte
678 1026 794 1077 fenestris

220 1108 296 1171 Inque
313 1122 354 1154 tuo
364 1106 433 1154 vultu
443 1111 510 1169 sigua
521 1108 630 1153 timentis
639 1107 709 1154 habe.

187 1183 287 1236 Callida
301 1184 426 1249 prosiliat,
439 1181 551 1249 dicatque
563 1183 667 1243 ancilla,
679 1181 802 1231 Petimus:

219 1263 261 1311 Tu
271 1267 383 1327 juvenem
394 1259 516 1326 trepidum
527 1261 638 1327 quolibet
649 1259 709 1309 abde
719 1261 786 1309 loto.

186 1338 350 1393 Admiscenda
365 1353 447 1389 tamen
463 1340 543 1389 Venus
554 1341 586 1388 est
597 1342 677 1388 secura
689 1341 789 1396 timori3

220 1418 261 1468 Ne
276 1422 336 1468 tauri
350 1421 430 1467 nostes
441 1434 491 1466 nou
503 1432 572 1482 putet
583 1413 631 1466 effe
644 1433 704 1467 tuas.

187 1497 245 1560 Qud
262 1496 328 1546 valer
338 1496 402 1545 eludi
417 1499 492 1560 possit
505 1500 599 1546 ratione
610 1499 726 1555 maritus,

222 1575 323 1641 Quaque
334 1575 393 1639 vigil
406 1573 500 1633 custos,
512 1577 671 1637 praeterirurus
679 1588 753 1622 eram.

187 1654 273 1719 Nupta
287 1656 365 1704 virum
380 1655 464 1700 timeat
477 1669 482 1698 ι
496 1666 546 1699 rata
558 1654 588 1699 sis
599 1648 706 1699 custodia
717 1665 807 1715 nuptae.

222 1733 277 1782 Hoc
288 1730 372 1779 decet:
385 1732 432 1777 hoc
444 1728 506 1791 leges
517 1732 601 1793 jusque
610 1725 737 1792 pudorque
749 1727 840 1790 jubent·

189 1811 226 1859 Te
237 1825 334 1876 quoque
344 1809 430 1856 servari
441 1841 449 1865 ,
462 1804 538 1854 modo
548 1823 621 1871 quam
631 1803 736 1855 vindicis
749 1801 870 1862 redemit,

223 1887 284 1948 Quis
301 1887 375 1935 ferat?
393 1900 421 1934 ut
432 1883 519 1942 Fallat,
531 1883 562 1933 ad
575 1900 630 1932 mea
640 1885 705 1933 satra
716 1885 779 1934 veni.

190 1967 243 2017 Tot
262 1965 318 2013 licet
329 1965 470 2022 observent,
483 1960 544 2011 adsit
555 1960 632 2030 modo
644 1977 708 2011 certa
716 1961 845 2020 voluntas,

223 2042 292 2103 Quot
304 2041 397 2090 fuerant
412 2041 477 2105 Argo
489 2041 598 2098 lumiua;
611 2041 684 2089 verba
695 2038 772 2089 dabis.

189 2121 287 2173 Scilicet
297 2119 398 2169 obstabit
414 2120 505 2174 custos,
517 2136 546 2168 ne
561 2120 664 2167 scribere
675 2120 768 2184 possis,

223 2196 349 2247 Sumendae
360 2196 493 2247 deturctim
502 2198 546 2246 tibi
560 2212 654 2261 tempus
666 2200 751 2262 aquae?

190 2275 362 2328 consciarum
379 2279 452 2341 possit
463 2278 560 2341 scriptas
572 2291 667 2340 portare
679 2274 796 2336 tabellas,

224 2352 289 2413 Quas
305 2368 369 2417 tegat
379 2357 405 2402 iu
417 2352 499 2417 tepido
512 2353 583 2401 fascia
597 2353 645 2401 lata
658 2356 727 2402 sinu?

191 2431 257 2483 cim
268 2435 341 2496 possit
354 2431 407 2479 suri
421 2434 513 2478 chartas
524 2430 601 2478 celare
612 2429 696 2493 ligatas
706 2447 714 2487 i

222 2510 255 2559 Et
263 2512 343 2558 vincio
354 2505 453 2556 blandas
461 2508 503 2554 sub
515 2505 575 2571 pede
589 2506 744 2557 ferteuotas?

192 2588 291 2640 Caverit
310 2589 360 2634 haec
369 2585 446 2634 custos
458 2604 463 2633 :
477 2602 521 2649 pro
533 2587 615 2634 charta
630 2588 725 2635 conscia
741 2600 836 2651 tergum

143 2661 148 2667 ’
223 2665 330 2715 Praebeat
343 2681 351 2721 3
369 2666 442 2729 inque
455 2664 498 2711 suo
514 2679 615 2728 corpote
625 2665 698 2713 verba
708 2663 780 2713 ferat.

192 2746 257 2796 Tuta
266 2758 363 2809 quoque
371 2741 420 2799 est,
432 2739 543 2805 fallitque
555 2741 662 2791 oculose
673 2741 732 2790 lade
742 2745 833 2792 recenti

224 2823 305 2871 Litera
317 2839 323 2868 ι
337 2819 446 2868 carbonis
461 2818 559 2884 pulvere
571 2834 663 2884 tauge3
679 2819 752 2884 leges.

192 2900 270 2951 fallet
284 2902 309 2948 δι
328 2895 448 2946 humiduli
459 2913 512 2962 quae
526 2896 569 2946 fiet
583 2900 693 2947 acumine
709 2898 769 2959 lini,

226 2977 257 3026 Et
274 2975 334 3025 feret
343 2975 450 3027 occultas
465 2991 524 3039 pura
537 2974 626 3025 tabella
635 2991 713 3025 notas.

194 3054 281 3108 Adfuit
294 3055 385 3110 Acrisio
401 3050 521 3107 servande
536 3069 593 3105 cura
604 3053 706 3120 puellus

746 3133 776 3184 M
791 3133 817 3200 ii]
