2367 3992
291 481 792 556 LrnanIAErrurAV.
846 505 908 577 131

202 611 288 662 Vertim
299 613 375 661 invita
387 609 443 660 dato
456 610 466 679 (
476 626 543 676 potes
555 611 624 678 hoc)
642 609 774 676 similisque
784 612 881 659 coatia:
933 623 961 677 65

230 691 355 742 Blanditiae
366 706 472 745 taceant,
487 695 563 758 sitque
576 691 682 756 maligna
695 691 784 740 Venus.

200 772 222 819 Si
240 775 293 820 mea
303 786 361 820 vora
370 771 468 830 valent,
482 786 541 835 opto
553 788 666 837 quoque,
684 770 719 820 nil
732 774 799 835 juvet
812 769 899 819 illumr

228 850 270 898 Sin
286 853 383 909 minus,
401 864 425 897 at
437 848 498 897 certe
510 865 531 897 te
546 853 612 914 juver
622 847 757 914 inde-nihil.

198 925 242 976 Sed
252 944 408 994 quacumque
421 944 501 978 tamen
512 932 607 977 notiem
620 928 717 978 fortuna
728 930 857 994 sequatur,

228 1005 287 1057 Cras
297 1010 359 1056 mihi
371 1009 486 1058 constanti
496 1025 555 1058 voce
567 1004 657 1057 dedille
668 1024 737 1074 nega.

213 1109 893 1185 «ι--η--εὲηᾎὶὲὲ-Ξ»

386 1246 641 1309 ELEGIA
680 1246 720 1306 V.

195 1339 346 1459 AEsrus
359 1424 424 1469 erat,
443 1403 656 1476 mediamque'dies
668 1420 776 1473 exegerat
786 1405 913 1455 umbrama

226 1485 332 1550 Apposui
347 1485 429 1536 medio
440 1488 548 1537 membra
560 1486 662 1537 levanda
674 1502 738 1536 toro.

191 1562 248 1611 Pars
260 1561 372 1629 adaperta
384 1566 446 1627 fuit,
457 1585 509 1632 pars
521 1567 594 1617 altera
605 1569 683 1617 clausa
694 1567 811 1616 fenestrae:

226 1640 304 1700 Quale
321 1642 370 1692 feri
381 1644 445 1694 silvae
457 1645 539 1694 lumen
551 1647 637 1694 habere
650 1646 737 1695 solent.

193 1718 281 1780 Qualia
296 1720 440 1783 sublucent,
459 1723 583 1788 fugiente,
601 1724 754 1788 crepuscula,
768 1724 879 1775 Phoebor
931 1734 943 1784 5

225 1799 274 1848 Aut
288 1801 328 1848 ubi
343 1817 391 1850 nox
403 1802 474 1862 abiit,
488 1819 532 1850 nec
543 1817 623 1850 tamen
634 1816 688 1851 urta
698 1799 757 1851 dies.

190 1877 237 1927 llla
254 1878 394 1929 verecundis
405 1880 445 1929 lux
460 1881 492 1930 est
503 1878 629 1946 praebenda
645 1879 744 1945 puellis,

224 1956 281 2017 Qui
293 1958 391 2008 timidus
403 1959 502 2009 latebras
512 1963 587 2024 speret
598 1962 683 2009 habere
694 1956 780 2025 pudor.

159 2099 161 2102 ι
189 2035 254 2084 Ecce
267 2035 376 2088 Corinna
386 2042 470 2099 venit,
486 2039 567 2088 tuuicri
575 2039 653 2089 velata
664 2028 784 2100 retinui,

223 2113 337 2168 Candida
347 2116 446 2168 dividua
454 2118 518 2168 colla
530 2133 623 2184 tegente
634 2119 716 2167 comi:

189 2192 302 2253 Qualiter
316 2198 341 2245 in
350 2197 468 2246 thalamos
479 2198 584 2247 formosa
592 2200 728 2247 Semiramis
739 2193 783 2246 iffe

223 2273 334 2334 Dicitur,
353 2278 378 2323 ὁ(
388 2276 470 2324 multis
482 2276 537 2325 Lais
549 2292 627 2326 amata
637 2280 702 2328 vitis.

188 2349 294 2417 Deripui
308 2357 412 2403 tunicam
424 2373 431 2414 3
443 2371 486 2404 nec
498 2355 602 2405 multum
614 2374 665 2406 rara
676 2356 789 2406 nocebat:

223 2431 349 2496 Pugnabat
364 2433 444 2483 tunicl
459 2432 499 2482 sed
513 2449 594 2484 tamen
603 2434 646 2483 illa
658 2439 714 2500 tegi.
770 2496 776 2510 .

189 2506 305 2576 Ctimque
316 2515 350 2561 ita
360 2528 493 2578 pugnaret,
505 2529 620 2579 tanquam
633 2530 686 2579 quae
695 2517 790 2563 vincere
801 2513 897 2573 nollet,
934 2532 959 2577 15

224 2588 294 2637 Victa
310 2591 400 2640 estnon
411 2608 472 2657 aegre
482 2589 620 2656 proditione
631 2591 682 2640 sui.

189 2666 227 2715 Ut
241 2666 305 2716 stetit
316 2684 370 2718 ante
382 2671 484 2728 oculos,
497 2673 576 2734 posito
590 2670 723 2728 velamine,
737 2669 847 2728 nostros;

222 2745 252 2793 In
264 2760 317 2795 toto
332 2736 449 2813 nusquam
461 2764 560 2812 corpore
571 2745 660 2796 menda
671 2747 727 2798 fuit.

189 2820 259 2884 Quos
271 2828 404 2877 humerosi
416 2827 497 2894 quales
508 2825 559 2877 vidi
573 2829 688 2892 tetigique
700 2826 816 2876 lacertos!

223 2904 313 2953 Forma
323 2905 467 2971 papillarum
479 2904 554 2972 quim
565 2901 612 2955 fuir
622 2921 677 2971 apta
688 2907 780 2970 premi!
834 2968 837 2973 Ι
930 2925 960 2958 20

189 2982 273 3044 Quim
285 2986 399 3050 castigato
414 2985 496 3049 planus
510 2985 551 3034 sub
562 2987 656 3051 pestere
667 2986 764 3036 venter!

224 3063 349 3123 Quantum
366 3066 391 3112 bt
405 3064 475 3129 quale
489 3063 565 3113 latus!
579 3063 654 3131 quim
668 3064 772 3130 juvenile
784 3064 877 3114 femurl

190 3141 290 3206 Singula
300 3142 360 3208 quid
372 3142 487 3192 referam?
496 3142 530 3190 nil
542 3159 591 3192 non
602 3141 721 3192 laudabile
732 3141 795 3191 vidi:

223 3220 256 3270 Et
265 3218 356 3272 nudam
366 3225 438 3288 pressi
452 3237 538 3288 corpus
552 3220 583 3272 ad
598 3222 671 3288 usque
681 3237 772 3270 meum.
805 3224 807 3228 “

715 3361 717 3364 ,
739 3299 798 3364 ij
