2367 3992
319 489 584 556 Hunorum.
610 478 686 549 En.
709 475 818 551 XVI.
882 483 923 570 83

211 612 276 676 Quid
288 613 378 662 faciam
387 609 485 660 dubito:
495 608 567 658 dolor
575 606 608 657 est
617 625 684 656 meus
695 607 737 656 illa
746 602 842 664 videre3

240 691 288 742 Sed
300 691 373 742 dolor
384 708 397 739 a
409 690 468 738 Facie
477 692 555 754 major
567 685 643 736 abelle
656 686 705 736 tui.

209 771 265 832 Qud
275 771 334 819 licet
344 806 352 830 ‚
363 773 388 818 &
397 763 507 834 pullum,
519 766 595 815 lucror
606 765 681 815 celare
694 764 815 813 furorem:

240 848 287 900 Sed
298 864 380 898 tamen
389 862 485 912 apparet
494 844 654 894 dissimulatus
663 860 741 892 amor.

208 927 260 979 Nec
276 928 321 977 tibi
333 927 405 976 verba
416 923 513 974 damusz
525 925 596 972 sentis
610 939 664 972 mea
673 921 789 981 vulnera,
800 921 888 969 sentis:

240 1008 320 1072 Atque
335 1009 426 1054 urinam
438 1003 483 1051 soli
497 1005 543 1051 sint
554 1017 646 1050 eanota
658 1000 718 1050 tibi!

208 1086 260 1136 Ah!
273 1087 368 1152 quoties
381 1119 388 1142 ,
399 1083 508 1144 lacrymis
518 1081 667 1129 venientibus
677 1114 685 1138 ,
697 1096 739 1128 ora
750 1075 848 1136 reflexi,

240 1163 278 1212 Ne
294 1163 389 1210 causam
405 1158 474 1208 flectis
486 1172 600 1225 quaereret
610 1158 651 1206 ille
662 1158 723 1206 mei!

208 1239 258 1289 Ah!
272 1243 367 1305 quoties
378 1243 493 1304 iuvenum
503 1241 595 1287 narravi
604 1251 674 1302 potus
685 1252 796 1299 amores,

239 1315 278 1366 Ad
285 1317 366 1368 vultus
376 1317 478 1365 referens
485 1315 578 1380 singula
587 1317 659 1364 v'erba
670 1329 739 1374 tuos3

208 1393 377 1460 Indiciumque
389 1398 436 1442 mci
448 1393 502 1442 ficio
514 1395 555 1441 sub
568 1397 666 1443 nomine
677 1394 736 1442 feci!

240 1472 285 1521 Ille
297 1490 343 1538 ego
357 1474 376 1520 si
385 1473 477 1531 nescis,
493 1487 560 1522 verus
573 1487 667 1521 amator
679 1489 752 1522 eram.

208 1551 372 1613 Quinetiam,
391 1566 418 1598 ut
428 1546 518 1615 pollem
533 1551 611 1600 verbis
622 1551 767 1615 petulantirls
779 1555 814 1603 uti
821 1587 830 1614 ‚

239 1629 298 1678 Non
310 1628 382 1676 semel
392 1629 491 1676 ebrietas
502 1628 533 1676 est
541 1629 653 1685 simulata
661 1633 729 1680 mihi.

207 1706 306 1758 Prodita
317 1709 386 1767 sunt,
398 1709 514 1766 memini,
531 1707 613 1756 cunici
624 1725 663 1758 tua
675 1713 769 1774 pedore
780 1710 851 1772 laxi,

238 1789 320 1852 Atque
330 1786 408 1835 oculis
419 1784 511 1835 aditum
524 1785 590 1835 nuda
600 1784 685 1835 dedirc
699 1792 774 1838 meis:

208 1865 306 1914 Pedora
316 1865 356 1914 vel
368 1869 431 1930 puris
442 1866 549 1925 nivibus,
562 1864 600 1913 vel
610 1863 685 1925 lade,
698 1880 812 1931 tuamque

240 1943 379 2009 Complexo
391 1958 493 1994 matrem
507 1940 647 1993 candidiora
656 1944 723 1992 Jove.

207 2020 275 2071 Dum
293 2021 374 2086 stupeo
390 2024 463 2082 visis,
477 2038 532 2070 nam
545 2020 632 2086 pocula
649 2021 712 2070 forte
726 2021 852 2082 tenebam,

240 2099 342 2149 Tortilis
355 2118 366 2148 e
378 2099 459 2164 digitis
470 2098 559 2148 excidit
570 2102 624 2148 ansa
636 2103 705 2148 meis.

205 2173 296 2226 'Oscula
307 2180 326 2226 si
337 2192 399 2226 natae
409 2175 507 2227 dederas
519 2195 526 2236 ς
542 2194 586 2242 ego
598 2180 705 2243 protinus
719 2177 762 2227 illa

240 2254 383 2304 Hermiones
395 2271 476 2304 renero
488 2256 554 2306 laetus
567 2259 648 2305 abore
662 2257 716 2306 tuli.

205 2332 238 2382 Et
250 2331 326 2382 modis
336 2334 462 2382 cantabam
472 2350 562 2384 veteres
573 2338 693 2399 resupinus
706 2351 811 2384 amores:

240 2412 271 2460 Et
286 2409 362 2460 modu
370 2429 411 2477 per
421 2428 506 2461 nucum
518 2417 584 2478 signs
594 2413 696 2479 tegenda
706 2413 803 2463 dabam.

207 2491 239 2540 Et
250 2493 368 2540 comitum
380 2494 468 2555 primas
477 2490 615 2554 Clymenen
625 2492 782 2557 AEthrarnque
795 2508 890 2541 tuarum
925 2537 926 2540 ,

240 2570 314 2617 Ausus
329 2571 381 2617 sum
393 2567 486 2618 blandis
498 2586 573 2634 nuper
585 2567 650 2618 adire
661 2571 739 2618 sonis:

207 2647 267 2707 Quae
279 2650 339 2703 mihi
347 2664 396 2696 non
407 2647 486 2708 aliud,
501 2648 575 2714 quim
587 2646 733 2703 formidare,
744 2648 847 2702 locutae,

206 2764 209 2769 .
241 2725 338 2774 Orantis
348 2724 438 2776 medias
450 2725 571 2775 deseruere
582 2742 673 2791 preces.

206 2800 242 2850 Di
257 2802 380 2864 facerent,
393 2808 474 2869 magni
486 2807 590 2869 prerium
606 2807 742 2854 certaminis
753 2802 826 2856 elles!

240 2881 325 2946 Teque
338 2884 379 2931 suo
393 2885 469 2932 vilior
481 2880 558 2948 pollet
568 2885 655 2933 habere
667 2884 735 2934 torol

206 2957 243 3006 Ut
254 2959 312 3007 tulit
323 2959 486 3025 Hippomenes
500 2960 659 3023 Schcerre'r‘da‚
671 2968 768 3028 praemia
781 2968 861 3030 cursus
871 2984 882 3027 5

242 3037 318 3086 Venit
330 3053 356 3087 ut
367 3041 392 3086 in
404 3039 519 3106 Phrygios
530 3039 693 3107 Hippodamia
703 3047 782 3104 sinu35

207 3114 246 3164 Ut
258 3115 320 3165 ferus
333 3115 427 3167 Alcides
437 3120 553 3170 Acheloia
563 3135 652 3170 cornua
663 3122 734 3186 fregit
747 3159 755 3184 ,

243 3194 313 3246 Dum
329 3199 391 3263 petit
401 3197 522 3266 amplexus
531 3234 540 3262 ‚
554 3199 684 3267 Deianira„
701 3215 767 3251 most

538 3290 541 3294 ’
758 3278 782 3328 D
799 3280 826 3344 vj
