2367 3992
263 503 331 568 320
362 477 428 548 An
451 480 623 549 er'rArr
648 479 905 550 AuousrArr

291 603 463 668 Suspensasque
478 602 562 652 oculus
577 603 664 653 fortior
675 607 738 653 intus
754 608 815 670 agit.

214 699 239 731 rr
250 679 410 746 ,Erumpuntg
418 682 558 747 'iterumque
566 697 665 746 gravant
673 685 842 749 gremiumque
854 685 970 749 sinusque,

292 754 378 807 Effusa
389 756 492 824 gravidis
503 760 660 826 uberibusque
669 763 744 826 genis.
973 753 978 760 ’

259 836 288 886 ln
308 839 370 886 vires
389 837 447 886 abiit
461 835 534 887 flendi
546 828 629 887 rno'ra:
640 837 735 903 plenior
745 838 813 890 unda

291 913 402 975 Delluit,
417 914 502 980 exigui
513 917 532 962 si
543 931 589 980 qua
599 929 691 964 retenta
702 916 781 966 mord.

259 992 369 1042 Tandem
387 993 429 1041 ubi
438 1007 479 1056 per
489 992 605 1053 lacrymas
616 991 700 1051 licuit,
719 996 753 1043 sic
765 991 854 1044 flebilis
867 997 920 1045 orsa
929 995 971 1058 est,

214 1076 258 1108 ¹²0
291 1071 402 1136 singultu
418 1068 512 1119 medios
529 1068 676 1135 impediente
696 1072 778 1122 sonos.

259 1149 336 1208 Nate,
353 1151 430 1199 brevis
444 1148 549 1208 studius,
564 1146 668 1214 duplicis
677 1151 726 1198 sors
737 1148 813 1201 altera
823 1149 922 1215 partus,

291 1226 377 1278 Gloria
391 1226 520 1285 confide,
538 1240 614 1285 nate,
633 1230 738 1292 parentis
752 1228 794 1277 ubi
809 1230 852 1278 esi

259 1303 306 1355 Sed
316 1309 449 1372 nequejam
462 1301 577 1368 duplicis,
588 1306 780 1370 nequejamsors
788 1304 878 1364 altera,
890 1301 971 1369 pernis,

294 1382 379 1434 Gloria
394 1381 508 1432 consedet
518 1395 581 1431 nnnc
591 1398 688 1448 qnoque
697 1386 780 1432 matris
793 1417 802 1443 ,
818 1384 859 1432 ubi
872 1399 895 1432 es
907 1385 916 1431 i

216 1461 329 1515 nrHeu!
350 1459 426 1510 rnodd
443 1475 535 1518 tantus,
547 1460 588 1508 ubi
601 1477 624 1508 es
632 1467 641 1512 i
650 1461 746 1509 tumulo
756 1463 859 1526 portaris
871 1465 895 1512 δι
906 1462 958 1526 igni·

283 1537 351 1606 ΙΗεε
364 1540 453 1587 suntin
464 1535 553 1586 reditus
565 1535 630 1586 dona
639 1535 746 1602 paranda
761 1541 834 1588 tuor?
926 1595 940 1601 ..

261 1615 353 1662 Siccine
366 1606 452 1679 dignus
463 1630 511 1662 eras
524 1614 601 1662 oeulis
612 1630 737 1665 occurrere
747 1618 852 1669 matris?

294 1693 331 1740 Sic
347 1708 392 1756 ego
405 1698 429 1741 te
439 1690 552 1741 reducem
562 1690 635 1758 digna
645 1691 726 1745 videre
737 1693 774 1745 fui
786 1696 796 1747 l

262 1767 362 1819 Caesaris
373 1769 449 1819 Uxori
466 1773 485 1819 si
496 1770 553 1819 talia
563 1769 643 1847 diqere
658 1771 693 1820 fas
703 1771 754 1834 eli,

218 1857 260 1902 ¹30
295 1848 347 1897 Jam
359 1846 462 1909 dubito,
473 1863 573 1912 magnos
584 1865 614 1897 an
626 1865 676 1898 rear
689 1845 735 1898 effe
744 1848 822 1899 Deos.

262 1925 326 1975 Nam
341 1925 400 1992 quid
411 1943 456 1991 ego
467 1924 553 1975 admisi
564 1929 573 1974 Ξ
584 1942 637 1991 quae
648 1943 698 1975 non
713 1943 758 1991 ego
768 1929 872 1978 numina
881 1928 961 1983 cultu.

294 2005 362 2064 Quos
377 2021 423 2069 ego
437 2021 487 2054 non
498 2007 566 2068 potui
576 2001 718 2053 demeruille
729 2004 796 2055 Deos
809 2009 819 2060 ἓ,

262 2083 308 2132 Hic
327 2086 421 2148 pietatis
430 2085 522 2131 honos?
539 2097 603 2131 artus
617 2083 748 2147 ampledior
760 2085 853 2137 inanes.
904 2137 906 2141 ,

295 2161 325 2209 Et
336 2177 407 2210 vocat
418 2163 460 2208 hos
471 2163 533 2225 iplbs
542 2159 639 2210 flamma
649 2177 767 2227 rogusque
777 2164 852 2212 sinus.

216 2239 329 2287 1rrTene
342 2254 386 2301 ego
397 2237 497 2286 sustineo
509 2241 614 2302 positum
623 2238 734 2287 scelerata
744 2236 827 2291 videre
837 2243 847 2288 i

296 2316 361 2362 Tene
378 2331 437 2362 meae
459 2330 571 2383 poterunt
585 2332 689 2380 ungere,
704 2331 781 2377 nate,
799 2323 899 2368 manus?

264 2394 334 2443 Nunc
347 2410 392 2457 ego
405 2408 427 2441 re
438 2392 521 2441 infelix
533 2394 655 2441 summum
667 2409 783 2459 teneoque
794 2399 918 2460 tuorquei
943 2449 947 2455 ,

296 2470 438 2536 Effingoque
449 2486 532 2519 manus
544 2474 553 2519 i
566 2487 656 2536 oraque
667 2469 697 2519 ad
708 2487 750 2520 ora
761 2471 830 2522 fero?

263 2552 334 2600 Nunc
346 2549 450 2615 prirmlm
463 2551 571 2613 aspiceris
588 2549 671 2597 consul
683 2551 806 2614 vidorque
824 2551 935 2614 parentii

218 2635 263 2679 ¹40
297 2632 335 2678 Sic
356 2632 430 2686 milri,
446 2631 478 2675 sic
494 2628 584 2676 misere
602 2629 702 2675 nomina
713 2641 781 2676 tinea
791 2626 887 2678 refers?

265 2707 331 2768 Quos
350 2706 452 2772 primrlm
469 2704 520 2754 vidi
536 2704 626 2763 fasces,
641 2707 666 2753 in
681 2704 763 2756 funere
774 2702 843 2760 vidi:

207 2816 210 2820 -
296 2786 327 2833 Et
339 2784 389 2833 vidi
401 2784 505 2836 euersos,
521 2779 685 2846 indiciumque
696 2782 763 2831 mali.

265 2863 324 2924 Quis
335 2861 428 2913 credar?
445 2864 515 2910 marri
530 2860 569 2907 lux
581 2861 630 2907 haec
641 2860 788 2908 maestissima
798 2861 886 2920 venit,

298 2940 352 2999 Qui
366 2954 448 2987 natum
460 2943 485 2987 in
496 2941 591 2985 summo
603 2936 665 2986 vidit
675 2939 767 2986 honore
778 2939 857 2988 suum.

220 3020 348 3077 seilamne
361 3033 405 3081 ego
417 3033 466 3064 non
478 3015 534 3062 felix
546 3018 553 3062 i
567 3019 614 3079 jam
627 3032 680 3079 pars
689 3016 749 3064 mihi
760 3029 828 3078 rapta
840 3015 981 3076 Neronum,

298 3098 401 3147 Materni
414 3094 505 3143 celeber
516 3096 614 3142 nomine
624 3093 713 3141 Drusus
724 3095 780 3141 avi?

267 3177 350 3227 Jamue
367 3189 433 3222 meus
452 3187 502 3228 non
515 3171 564 3232 est,
583 3186 627 3221 nec
637 3188 676 3221 me
688 3171 746 3222 facit
756 3169 798 3220 ille
808 3174 953 3237 umentemi,
