2367 3992
286 447 548 529 timemus.
571 457 644 524 ΕΡ.
671 458 797 527 XVII.
858 465 903 549 87

188 582 233 632 Aut
247 585 321 648 igitur
334 584 404 633 nullo
415 581 472 631 belli
482 581 585 647 repetite
597 582 718 644 tumultu,

217 665 266 710 Aut
277 661 366 712 cedent
376 663 449 712 Marti
459 663 549 711 Dorica
559 663 632 711 castra
642 679 708 711 meo.

186 740 236 791 Nec
249 757 331 790 tamen
340 739 451 805 indigner
458 757 502 805 pto
511 756 576 790 tanta
584 744 675 790 sumere
683 741 775 790 fetrum

216 819 347 885 Conjuge:
359 836 479 870 certamen
490 824 586 885 premia
595 837 682 885 magna
693 834 802 869 movent.

184 900 223 949 Tu
239 916 355 966 quoque,
372 903 391 948 si
403 898 433 947 de
442 914 465 949 te
479 914 543 949 totus
551 898 702 948 contenderit
712 900 795 959 orbis,

217 977 319 1026 Nomen
334 980 363 1027 ab
380 992 467 1027 aeterna
481 979 616 1043 posteritate
627 978 695 1027 feres.

184 1056 231 1129 ⁵1³⁶.
248 1055 325 1105 modi)
337 1072 388 1106 non
398 1055 503 1117 timidi,
521 1056 565 1104 Dis
576 1061 633 1107 hinc
643 1056 732 1123 egressa
741 1056 850 1108 secundia
862 1093 872 1119 ,
908 1087 951 1134 375

217 1133 294 1199 Exige
309 1150 364 1183 cum
374 1134 445 1199 pleni
463 1152 562 1184 munera
572 1139 639 1201 pauiu
653 1135 709 1186 fide.

199 1241 881 1314 «εεεεεεεεὲῆῂεῂενεππεωψ

294 1373 795 1434 EpisTOLAxvu

342 1503 527 1566 Hauztta
568 1505 752 1567 Pmm.

908 700 953 746 370

183 1593 251 1716 N
259 1681 276 1717 u
283 1681 323 1715 uc
335 1666 419 1717 oculos
430 1682 471 1716 tua
478 1667 534 1717 ctim
543 1667 641 1718 violarit
650 1666 749 1733 epistola
759 1665 871 1728 nostros,

220 1744 279 1794 Non
295 1743 438 1794 rescribendi
453 1745 530 1810 gloria
547 1749 597 1796 visa
614 1747 682 1796 levis.

183 1821 262 1887 Ausus
278 1840 302 1872 et
310 1858 319 1884 ,
333 1823 432 1888 hospitii
446 1827 583 1884 temeratis,
600 1821 692 1873 advena
704 1824 793 1882 sactis,

220 1902 365 1967 Legitimam
382 1918 461 1968 nuptae
478 1901 597 1952 solicitate
611 1900 701 1950 fidem!

185 1981 284 2031 Scilicet
294 1978 385 2029 idcirco
395 1982 494 2047 ventosa
509 1997 549 2045 per
566 1996 663 2046 aequora
672 1980 766 2029 vestum

220 2058 321 2122 Excepit
332 2073 402 2122 portu
413 2058 519 2108 Taenaris
530 2075 572 2108 ota
582 2060 643 2107 suo?

185 2136 242 2187 Nec
259 2139 318 2192 tibi,
335 2135 426 2185 diversa
440 2140 549 2202 quamvis
563 2151 656 2201 egente
667 2135 776 2188 venires.

221 2216 350 2281 Oppositas
361 2216 444 2264 habuit
454 2218 518 2279 regia
528 2215 606 2264 nostra
616 2215 678 2264 fores
688 2230 697 2273 5

184 2292 254 2344 Esset
271 2308 297 2342 ut
309 2291 384 2342 officii
394 2309 483 2342 merces
494 2295 579 2357 injuria
588 2295 665 2342 tantii

223 2373 272 2433 Qui
283 2377 317 2421 sic
332 2372 450 2430 intrabas,
462 2373 561 2436 hospes,
572 2389 602 2420 au
612 2371 685 2420 hostis
696 2373 764 2420 eras?

185 2451 242 2502 Nec
257 2449 356 2510 dubito,
369 2454 428 2517 quin
440 2453 490 2499 haec
500 2449 557 2499 etim
570 2454 601 2498 sit
611 2465 661 2498 tam
672 2449 748 2514 justa,
758 2463 858 2501 vocetur

223 2530 330 2588 Rustica,
347 2528 439 2595 judicio
452 2563 461 2587 ,
473 2529 551 2578 nostra
561 2528 674 2594 querela,
685 2543 736 2576 tuo.

185 2607 285 2656 Rustica
296 2611 341 2656 sim
355 2610 409 2656 sane
419 2625 428 2666 ¹,
439 2605 497 2655 dum
508 2624 557 2656 non
567 2607 644 2655 oblita
655 2603 766 2670 pudotis:

218 2684 334 2751 Dumque
344 2701 412 2736 tenor
424 2688 480 2735 vitae
491 2689 521 2735 sit
532 2689 582 2734 siue
594 2685 646 2734 labe
659 2700 726 2733 meae.
749 2684 755 2696 ‘
856 2735 860 2742 ,

185 2765 211 2813 Si
230 2780 280 2812 non
292 2765 324 2814 est
335 2763 390 2814 ficio
399 2765 479 2814 vuitus
490 2764 550 2812 mihi
561 2763 630 2811 tristis
645 2765 671 2810 in
683 2778 744 2820 ote;

222 2842 274 2892 Nec
287 2842 358 2892 sedeo
375 2842 440 2893 duris
452 2859 521 2893 torva
534 2841 679 2906 superciliis;

185 2924 262 2972 Fama
275 2936 356 2971 tamen
365 2923 468 2971 claraest
476 2941 481 2969 t
489 2926 512 2971 δι
521 2920 599 2972 adhuc
610 2924 660 2970 sine
667 2922 767 2971 crimine
776 2920 824 2973 vixi
833 2938 840 2970 e

222 3000 254 3048 Et
266 2997 363 3049 laudem
377 3000 406 3049 de
418 3018 456 3050 me
467 3001 547 3050 nullus
560 3000 654 3051 adulter
663 3002 742 3050 habet.

187 3078 247 3138 Quo
260 3081 336 3143 magia
346 3077 466 3138 admiror,
481 3097 534 3145 quae
542 3083 571 3129 tit
582 3078 669 3130 fiducia
679 3096 778 3144 coept03

223 3153 346 3224 Spemque
354 3160 400 3209 toti
410 3156 503 3209 dederit
512 3175 565 3225 qua
574 3160 619 3209 tibi
629 3161 696 3210 causa
703 3162 761 3209 mei.
