2367 3992
299 478 342 560 56
400 469 443 538 P.
473 470 653 537 Ovum
676 473 900 540 NAsonrs

245 601 273 646 75
294 591 393 643 Perdere
404 590 512 658 possesse
525 593 570 654 est,
583 596 603 642 si
611 610 682 659 quem
692 598 758 659 juvet
765 597 815 660 ipsa
828 595 943 659 potestas:

326 669 373 720 Sed
384 672 428 720 tibi
441 673 543 720 servatus
554 672 633 736 gloria
642 676 720 736 major
735 690 784 722 eto.

294 750 338 799 Per
354 749 418 799 mala
428 749 506 798 nostra
515 766 617 813 precor,
632 767 736 816 quorum
748 764 815 815 potes
825 747 871 799 else
881 749 1010 808 levamen3

326 829 370 876 Per
388 843 460 893 genus
476 831 500 877 bc
512 843 602 876 numen
612 831 696 877 cunila
704 827 807 879 videntis
818 830 855 878 avi
868 845 877 887 ς

293 907 337 955 Per
354 905 452 971 triplicis
463 905 543 956 vultus
557 923 688 972 arcanaque
700 909 764 956 sacta
775 907 877 965 Dian-23

245 970 276 1018 ⁸0
325 985 385 1034 Etsi
397 985 459 1033 sorte
470 983 530 1033 alios
541 1000 598 1050 gens
606 985 726 1033 babetista
735 984 801 1034 Deos
813 1003 820 1033 t

292 1065 315 1112 0
333 1067 418 1128 virgo,
430 1063 616 1112 misereremei!
629 1065 737 1110 miserere
749 1062 875 1111 meorum!

324 1139 398 1190 Effice
411 1159 449 1190 me
460 1144 552 1190 meritis
563 1144 691 1206 tempus'in
702 1158 775 1189 omne
786 1141 868 1189 tuum!
898 1187 900 1192 .

292 1218 365 1280 Quod
377 1223 396 1268 si
407 1220 469 1268 forte
481 1223 559 1269 virum
570 1236 620 1268 non
631 1217 759 1283 dedignare
770 1219 908 1283 Pelasgum,

326 1297 336 1366 (
348 1296 393 1348 Sed
405 1301 465 1349 mihi
479 1314 529 1348 tam
543 1298 624 1347 faciles
636 1295 715 1357 unde,
732 1314 844 1363 meosque
855 1297 920 1345 Deos
930 1297 961 1363 i)

243 1375 272 1439 85
292 1376 391 1441 Spiritus
405 1393 459 1428 anre
471 1394 537 1427 meus
548 1392 629 1425 tenues
638 1378 748 1425 vanescat
758 1378 783 1425 in
793 1392 876 1434 auras,

325 1455 406 1516 Quim
419 1456 543 1515 thalamo,
560 1456 606 1503 nisi
620 1470 665 1509 tu.
678 1470 752 1520 nupta
767 1457 798 1502 sit
809 1453 858 1502 ulla
868 1469 934 1502 tneo.

291 1533 396 1586 Conscia
407 1537 437 1584 sit
446 1535 524 1594 Juno,
537 1537 606 1582 saeris
615 1533 724 1598 praefessa
735 1535 842 1591 maritis,

323 1612 429 1672 EtDea‚
442 1611 576 1662 marmorei
586 1617 652 1677 cujus
663 1616 688 1661 in
706 1610 755 1661 aede
767 1614 855 1669 sumus.

290 1690 348 1740 Haec
356 1693 502 1758 animum(&
511 1706 586 1757 quota
590 1707 643 1755 pars
648 1693 697 1740 hae
703 1693 756 1739 sum
764 1691 783 1756 ἓ)
793 1689 890 1740 morire
898 1689 986 1756 puellae

241 1777 273 1822 90
323 1771 456 1834 Simplicis,
469 1774 491 1819 &
505 1768 591 1820 dextrae
604 1768 787 1834 dexterajuntia
797 1785 865 1816 mcae.

290 1846 348 1898 Vidi
358 1851 431 1897 etiam
443 1848 558 1911 lacrymas
569 1867 575 1896 e
587 1865 617 1896 an
628 1864 681 1912 pars
691 1847 723 1897 est
733 1845 823 1894 fraudis
835 1848 861 1894 in
876 1844 941 1895 illis?

323 1929 360 1976 Sic
372 1925 421 1976 cito
433 1930 484 1976 sum
495 1927 572 1976 verbis
583 1941 651 1991 capta
663 1925 741 1990 puella
753 1928 806 1972 tuis.

289 2005 371 2070 Jungis
383 2009 406 2054 ὅ(
418 2003 544 2070 aetipedes,
558 2003 667 2053 inadusto
682 2020 780 2066 torpore
796 2017 908 2062 ‚tauros3

322 2085 353 2132 Et
363 2082 464 2133 solidam
477 2082 539 2148 jusso
553 2100 651 2133 vomere
662 2080 732 2131 findis
743 2083 854 2132 humum.

239 2181 269 2226 95
289 2160 351 2211 Arva
360 2168 496 2215 venenatis,
516 2180 559 2227 pro
570 2164 676 2219 semiue,
687 2159 797 2209 dentibus
808 2159 908 2224 imples:

321 2239 449 2299 Nascitur,
461 2244 485 2289 ὃ(
497 2239 589 2305 gladios
602 2241 713 2304 scutaque
724 2238 792 2287 miles
804 2239 885 2287 habet.

288 2319 338 2383 ipsa
350 2335 412 2383 ego,
430 2336 483 2384 quae
495 2316 607 2368 dederam
617 2316 794 2374 medicamina,
806 2315 897 2381 pallida
911 2313 980 2379 sedi,

320 2396 385 2448 Ctlm
395 2397 445 2448 vidi
457 2400 546 2447 subitos
559 2414 624 2446 arma
639 2412 718 2445 tenete
728 2399 800 2444 viros.

287 2474 372 2524 Donec
383 2479 523 2541 terrigenae,
536 2476 627 2524 facinus
637 2474 788 2532 miserabile,
807 2472 890 2521 fratres

241 2575 286 2610 100
320 2553 384 2602 Inter
401 2555 423 2601 se
438 2554 524 2602 strictas
540 2554 677 2602 conseruere
691 2568 784 2600 manus.

287 2631 389 2696 Pervigil
398 2649 452 2682 ecce
462 2630 548 2690 draeo,
560 2633 689 2696 squammis
700 2631 870 2694 crepitantibus
879 2631 994 2694 horrens,

319 2710 420 2771 Sibilat3
438 2714 463 2760 ὃ(
481 2725 545 2759 torto
558 2712 651 2774 pedore
662 2711 734 2759 verrit
745 2711 856 2757 hutnum.

286 2788 357 2838 Dotis
369 2806 426 2853 opes
439 2791 480 2838 ubi
491 2792 564 2838 tunc?
577 2790 617 2837 ubi
629 2804 685 2838 tunc
696 2789 740 2836 tibi
752 2790 816 2850 regia
826 2789 932 2850 conjux?
998 2808 1001 2814 ·

319 2867 415 2932 Quique
426 2869 496 2915 maris
507 2869 596 2931 gemini
607 2864 702 2915 distinet
712 2864 812 2913 Isthmos
824 2869 911 2930 aquas?

240 2937 331 3007 105llla
341 2961 401 3008 ego,
413 2961 466 3010 quae
478 2947 521 2992 tibi
532 2945 584 2992 sum
595 2959 658 2992 nunc
670 2941 771 3006 denique
782 2942 881 2990 barbara
893 2942 969 3004 facia,

319 3021 390 3072 Nunc
403 3024 446 3070 tibi
461 3024 512 3070 sum
523 3038 629 3087 pauper,
645 3037 707 3069 nunc
719 3021 762 3068 tibi
773 3022 822 3068 visa
834 3037 937 3082 nocens,

287 3102 407 3152 Flammea
419 3098 519 3151 subduxi
528 3097 649 3150 medicato
659 3099 751 3148 lumina
762 3101 859 3147 somno:

262 3178 263 3182 ’
318 3179 349 3228 Et
366 3180 426 3240 tibi,
441 3195 493 3246 quae
505 3194 611 3246 raperes,
625 3177 715 3231 vellera
726 3192 777 3230 tuta
789 3174 854 3229 dedi.
