2367 3992
271 473 316 535 80
370 466 412 533 P.
445 467 632 532 Orruit
656 467 891 532 NAsouts

270 586 316 638 Sed
326 589 386 637 mihi
399 623 406 647 ,
420 584 541 637 laudatam
557 590 662 652 cupienti
673 603 767 637 cernere
784 588 889 637 formam
897 622 908 649 ,
951 605 953 608 ⁴

302 665 405 714 Lumina
415 665 450 714 nil
462 663 529 713 aliud
538 682 587 730 quo
599 681 737 730 caperentur
749 700 757 725 ‚
775 681 833 714 etat.

267 743 304 792 Ut
320 741 389 802 vidi,
401 742 511 806 obstupui
523 759 531 799 3
543 741 723 808 ptaecordiaque
731 746 817 792 intima
830 746 892 792 sensi

300 822 422 871 Attonitus
437 823 497 870 curis
509 818 641 870 intimuiffe
655 825 732 871 notis.

222 900 311 964 135His
326 899 415 948 similes
426 899 524 956 vultus,
542 898 659 964 quunttim
668 901 808 949 reminiscor
814 934 824 960 ‚
835 898 940 949 habebat
945 931 957 960 2

299 978 372 1026 Venit
381 979 407 1024 in
418 978 544 1025 arbitrium
556 974 612 1025 crim
623 975 744 1039 Cytheris
754 993 847 1026 meum.

265 1057 327 1104 Situ
340 1051 440 1104 veniffes
450 1058 539 1118 paritet
549 1069 671 1103 certamen
680 1057 706 1103 in
717 1053 780 1103 illud
791 1089 802 1114 ‚

298 1133 326 1181 In
344 1131 444 1181 dubium
455 1133 553 1181 Veneris
564 1132 645 1197 palma
657 1132 737 1181 futura
751 1131 807 1180 fuit.

265 1210 356 1275 Magna
368 1209 467 1276 quidem
481 1208 511 1259 de
524 1225 547 1260 te
556 1227 639 1259 tumor
651 1214 769 1275 praeconia
780 1210 856 1269 fecit,

220 1300 265 1347 140
298 1288 420 1355 Nullaque
432 1287 462 1339 de
477 1290 537 1338 facie
548 1291 626 1338 nescia
636 1305 697 1338 terta
707 1288 747 1338 tuti
758 1289 808 1337 est:

264 1366 317 1418 Nec
328 1369 372 1416 tibi
379 1385 421 1432 par
432 1369 533 1433 usquam
543 1365 709 1430 Phrygiimec
720 1365 781 1415 Solis
790 1366 819 1414 ab
831 1379 888 1413 ortu

297 1446 362 1495 lntet
373 1446 489 1496 formosas
499 1443 574 1494 altera
583 1460 673 1492 nomen
683 1445 764 1492 habet.

262 1522 350 1575 Credis
361 1527 386 1575 δι
395 1525 442 1573 hoc
451 1523 536 1572 nobis?
555 1525 635 1570 minor
646 1522 679 1571 est
687 1538 727 1570 tua
736 1521 814 1586 gloria
823 1536 880 1571 veto
891 1539 899 1568 :
958 1550 964 1561 ·

295 1601 416 1665 Famaque
427 1598 456 1649 de
469 1600 547 1649 forma
557 1616 623 1664 paent
634 1600 740 1664 maligna
751 1598 791 1648 tui
801 1599 842 1646 est.

218 1676 319 1728 ΗόΡΙιις
330 1676 371 1725 hlc
387 1679 501 1736 invenio,
517 1675 592 1742 quim
608 1675 676 1741 quod
692 1679 827 1741 promiserit
839 1673 897 1724 illa:
959 1702 961 1707 ·

295 1754 326 1802 Et
342 1769 382 1802 tua
393 1755 493 1803 matetid
501 1755 577 1819 gloria
587 1757 648 1804 vida
658 1753 699 1803 sul
713 1755 754 1805 est.

262 1831 328 1896 Ergo
340 1834 398 1880 arsit
409 1831 497 1881 meritd
510 1836 551 1897 qui
566 1848 666 1883 noverat
676 1835 775 1892 omnia,
788 1833 907 1881 Theseus:
966 1842 969 1848 “

294 1910 326 1958 Et
342 1913 391 1960 visa
403 1928 427 1958 es
439 1926 507 1960 tanto
518 1909 591 1974 digna
603 1915 685 1975 rapina
694 1914 760 1970 viro,

262 1986 335 2036 More
346 2003 391 2037 tuae
403 1992 480 2054 gentis
492 1987 571 2038 nitidi
581 1986 641 2038 dum
650 1986 715 2038 nuda
724 1987 830 2052 palaestrd

215 2074 260 2120 150
294 2063 381 2125 Ludis3
401 2071 425 2116 δι
438 2084 460 2115 es
471 2065 541 2116 nudis
553 2066 644 2115 femina
654 2069 728 2115 mixta
738 2069 804 2114 viris,

261 2141 336 2204 Quod
348 2143 427 2209 rapuit
437 2143 509 2194 laudo
520 2162 526 2192 :
537 2147 612 2193 miror
620 2179 628 2202 ‚
636 2141 705 2209 quod
716 2141 822 2191 reddidit
831 2160 972 2208 umquams·

294 2223 357 2271 Tam
374 2225 436 2271 bona
450 2221 583 2271 constanter
593 2219 672 2286 praeda
683 2218 784 2269 tenenda
799 2221 854 2268 fuit.

260 2302 323 2350 Ante
335 2304 465 2350 recessisset
475 2313 547 2363 caput
556 2300 603 2347 hoc
615 2301 705 2348 cervice
716 2297 827 2355 cruenta,

295 2377 375 2439 Qulm
387 2392 412 2426 tu
422 2375 452 2425 de
464 2376 574 2426 thalamis
585 2373 739 2423 abstraherere
748 2376 815 2422 meis.

215 2465 240 2513 ¹5
248 2467 257 2512 5
262 2456 328 2505 Tene
340 2472 424 2504 manus
435 2471 550 2519 umquam
557 2453 642 2502 nosttae
654 2451 775 2501 dimittere
785 2453 876 2504 vellent
888 2458 897 2504 i

291 2535 357 2581 Tene
368 2551 424 2584 meo
440 2547 532 2597 pateret
542 2534 611 2582 vivus
626 2531 690 2579 abire
702 2534 770 2578 sinu?

258 2613 282 2660 Si
299 2609 421 2660 reddenda
432 2611 494 2660 fores
507 2645 514 2670 ,
526 2607 619 2675 aliquid
631 2624 711 2660 tamen
721 2625 776 2658 astte
788 2608 909 2660 tulilstms

291 2687 344 2737 Nec
362 2690 443 2738 Venus
458 2705 486 2737 ex
502 2703 555 2738 toto
567 2687 646 2736 nostra
662 2684 742 2736 fuiffet
756 2691 828 2737 iners.

259 2765 306 2814 Vel
321 2769 382 2815 mihi
396 2770 519 2832 virginitas
530 2763 588 2816 ellet
597 2765 670 2815 libata
681 2784 689 2824 3
700 2765 739 2815 vel
754 2764 817 2814 illud

213 2843 259 2882 160
293 2841 367 2902 Quod
383 2859 493 2907 poterat,
510 2842 574 2893 salvi
583 2846 734 2907 virginitate,
752 2847 812 2908 rapi.

259 2917 298 2966 Da
308 2916 384 2967 modd
393 2934 416 2968 te
429 2927 441 2978 ς’
449 2937 501 2985 quae
512 2924 542 2968 sit
551 2919 629 2969 Paridi
640 2909 787 2980 tdnstantia,
800 2908 891 2971 nostes.

292 2995 401 3044 Flamma
411 3000 463 3060 rogi
475 2996 583 3046 flammas
596 2997 663 3047 liniet
678 3012 724 3047 una
734 3015 808 3049 meas.

259 3074 377 3136 Ptaeposui
388 3075 464 3137 regnis
475 3091 519 3139 ego
529 3091 551 3123 te
563 3111 571 3134 ‚
583 3092 636 3144 qua
647 3079 751 3124 maxima
762 3075 887 3142 quondam

291 3150 402 3203 Pollicita
414 3152 446 3203 est
455 3153 525 3205 uobis
534 3168 609 3220 nupta
617 3155 729 3222 sororque
740 3153 813 3206 lotis.
