2367 3992
346 344 777 409 HAtrrsuTrcou.
860 357 926 426 307

210 461 387 528 Concussitque
404 478 469 512 toros
478 497 486 522 ,
505 465 530 511 &
547 463 637 512 viribus
649 459 744 511 addidit
761 463 832 510 itam.
948 484 974 530 55

209 538 347 591 *Prodidit
359 561 366 602 ς
386 558 457 608 atque
468 543 510 590 suo
523 557 635 606 properat
650 542 695 588 sibi
707 540 792 588 robore
810 538 895 590 letum.

208 617 298 669 Foedus
315 622 416 670 Lucanis
426 620 577 685 provolvitur
587 619 661 667 Ursus
671 619 701 666 ab
719 620 807 666 antris:

208 697 276 757 Quid
291 703 337 748 nisi
348 697 442 765 pondus
457 702 536 759 iners,
552 695 691 763 stolidaeque
703 696 793 746 ferocia
802 697 889 744 mentis
901 696 910 742 ἓ

207 779 280 826 Astus
296 778 358 843 Aper
379 780 433 827 setis
450 778 510 825 iram
522 773 651 824 denunciat
661 777 746 824 hirtiss

206 854 240 903 Et
259 858 307 905 ruit
317 859 422 921 oppositi
431 858 509 904 nitens
527 857 553 902 in
568 853 668 904 vulnera
686 852 764 911 ferri3
946 872 978 910 ω

206 931 299 983 Pteffut
316 939 340 984 δι
360 931 444 983 emiffo
459 935 562 981 moritur
572 948 613 996 per
622 932 712 980 viscera
726 929 786 979 telo.

205 1010 289 1059 Altera
302 1027 371 1074 pars,
390 1009 466 1058 fidens
475 1007 592 1073 pedibus,
605 1005 646 1055 dat
657 1023 722 1072 terga
733 1008 858 1073 sequenti,

168 1141 170 1145 ¹
206 1087 242 1136 Ut
259 1086 341 1152 pavidi
358 1088 478 1153 Lepores,
499 1101 527 1136 ut
539 1085 609 1134 fulto
620 1101 713 1150 tergore
726 1085 829 1143 Danrae,

204 1164 242 1212 Ut
260 1179 332 1214 cauto
350 1165 443 1229 fugiens
448 1163 548 1223 ⁸Cervus
559 1165 609 1212 sine
620 1161 668 1211 sine
679 1164 775 1211 timore.

205 1240 283 1308 (ipsa
299 1243 365 1308 sequi
381 1256 466 1291 natura
481 1240 572 1303 docet,
593 1240 633 1291 vei
649 1243 785 1290 cornminus
805 1239 867 1306 ire.)
943 1255 972 1309 σς

202 1318 253 1367 Hic
268 1321 394 1384 generosus
408 1322 504 1381 honos,
516 1325 541 1369 ὃ(
557 1320 636 1385 gloria
645 1323 724 1385 major
734 1319 867 1385 Equorum.

202 1396 270 1446 Nam
281 1400 379 1462 capiunt
388 1401 473 1448 animis
482 1398 606 1464 palmam,
623 1396 775 1464 gaudentque
786 1399 925 1464 triumphos

202 1477 248 1525 Seu
268 1479 358 1542 septem
369 1479 449 1543 spatiis
459 1477 534 1528 Circo
546 1494 654 1526 metuere
666 1493 792 1527 coronam.

202 1554 293 1604 Nonne
308 1554 395 1615 vides,
413 1558 488 1605 visitor
498 1554 590 1620 quanto
608 1554 733 1603 sublimius
748 1554 827 1604 altum
886 1576 888 1582 ·

201 1633 298 1682 Attoiat
314 1646 403 1696 caput,
417 1630 758 1697 &vulgisevenditetauraei
940 1654 976 1698 7⁰

202 1709 305 1760 Celsave
321 1726 376 1758 curn
384 1711 444 1759 creso
455 1707 582 1758 decoratur
592 1723 658 1774 terga
673 1710 759 1768 leone,

202 1785 285 1847 Quirn
300 1786 421 1837 tumidus!
438 1801 577 1853 quantoque
593 1789 660 1836 venit
671 1785 803 1851 speuabilis
813 1791 878 1842 aaut

200 1866 217 1897 '¹'
224 1863 420 1932 'Compescatque
430 1865 510 1914 solum
522 1865 637 1930 generoso
647 1868 743 1915 concita
755 1865 825 1930 pulsu

141 2009 144 2013 ,
201 1942 300 2008 Ungula
310 1930 353 1991 sub
368 1943 449 2008 spoliis
468 1945 571 2008 graviter
589 1940 709 1992 redeuntis
727 1946 824 2008 opimis.

201 2019 269 2080 Quid
280 2021 329 2070 laus
343 2024 421 2086 prima
431 2021 543 2072 Canum?
556 2020 683 2087 quibusest
692 2020 792 2072 audacia
800 2039 919 2092 praeceps,
937 2043 967 2092 75

199 2098 358 2166 Venandique
378 2102 446 2164 sagax
462 2102 552 2159 virtus,
565 2101 674 2166 viresque
688 2098 810 2166 sequendi.

200 2177 260 2238 Quae
278 2190 342 2227 nunc
353 2178 420 2227 elatis
431 2181 548 2227 rimantur
562 2178 659 2226 naribus
674 2194 763 2240 auras,

198 2254 231 2304 Et
244 2273 307 2305 nunc
319 2253 420 2306 demisso
431 2271 540 2323 quaerunt
552 2256 651 2321 vestigia
660 2256 754 2314 rostr03

199 2332 230 2381 Et
247 2333 352 2398 produnt
368 2336 473 2384 clamore
489 2336 583 2394 feram,
601 2333 776 2401 dominumque
785 2335 896 2387 vocando

197 2413 344 2476 increpitant
360 2415 375 2446 *
387 2429 460 2477 quern
474 2415 492 2460 si
506 2411 601 2460 tollatis
618 2411 704 2477 effugit
716 2416 808 2473 armis,
934 2422 967 2470 80

197 2491 332 2555 Insequitur
343 2490 496 2554 tumulosque
505 2491 569 2537 canis
583 2505 727 2555 camposque
737 2507 779 2554 per
790 2507 883 2541 omnes.

198 2568 816 2602 **************tr

198 2647 286 2698 Noster
307 2648 332 2694 in
349 2661 399 2695 arte
421 2645 489 2695 labor
499 2648 589 2711 positus
600 2663 607 2694 s
617 2646 668 2711 spes
681 2647 760 2695 omnis
776 2649 802 2695 in
810 2645 863 2698 illa.

196 2725 250 2775 Nec
268 2739 349 2773 tamen
362 2727 388 2773 in
401 2722 492 2773 medias
508 2724 587 2790 pelagi
602 2739 625 2774 te
636 2740 732 2789 pergere
744 2723 808 2774 sedes

195 2802 348 2852 Admoneam
361 2838 369 2861 ‚
384 2803 488 2869 vastique
506 2805 578 2853 maris
596 2817 686 2853 tentare
699 2801 857 2868 profundum.

196 2881 261 2930 Inter
278 2895 405 2946 utrumque
415 2880 463 2929 ioci
473 2881 559 2931 melitis
568 2880 722 2932 moderabere
736 2883 828 2933 funem.
932 2888 961 2950 85

196 2959 284 3023 Aspera
303 2975 362 3008 num
373 2960 432 3007 saxis
444 2958 497 3008 lota
515 2962 574 3009 sint:
584 2977 641 3009 narn
654 2961 711 3010 talia
721 2960 799 3011 lentos

195 3035 335 3103 Deposcunt
352 3036 457 3088 talamos
468 3057 475 3089 e
487 3052 511 3089 at
526 3054 613 3104 putum
630 3040 689 3087 retia
705 3037 771 3087 litus.
