2367 3992
312 347 440 415 Lmen
478 346 547 413 ΙΙΙ.
578 347 747 416 Eram
779 349 824 419 V.
876 356 938 442 185

228 464 352 532 Indignere
367 468 441 529 licet,
459 470 525 535 juvat
540 467 675 518 inconcella
689 469 809 535 voluptas.

258 545 315 595 Sola
329 545 425 611 placem
445 547 550 607 Timeo,
570 545 650 596 dicere
661 550 680 596 si
695 565 742 614 qua
754 548 839 613 potest.

226 622 277 672 Nec
292 639 373 673 tamen
386 628 515 691 ingenuam
527 630 563 691 jus
579 625 612 674 est
628 627 718 676 servare
733 627 854 692 puellam:

256 703 305 752 Hic
320 719 397 753 metus
406 719 506 753 extetnae
515 721 616 770 corpora
626 709 703 770 gentis
713 720 776 770 agat.

225 781 321 832 Scilicet
332 796 358 831 ut
368 786 443 847 possit
455 783 531 832 custos
538 818 547 843 ,
558 783 628 848 Ego,
640 781 737 844 dicere,
748 783 815 846 feci,

256 858 285 908 In
296 858 391 910 laudem
403 863 463 910 servi
474 862 534 910 casta
544 865 574 911 sit
583 862 628 910 illa
639 865 683 911 tui.

223 936 330 988 Rusticus
341 940 373 988 est
383 939 486 988 nimidm
496 975 504 1000 ‚
515 957 588 1006 quem
599 939 665 989 laedit
675 939 782 991 adultera
792 942 899 1009 conju15

254 1016 286 1066 Et
299 1033 372 1067 notos
382 1035 460 1068 mores
468 1035 518 1067 non
527 1020 580 1066 satis
591 1018 664 1066 Urbis
676 1020 763 1068 habet:

222 1093 249 1144 ln
263 1112 311 1161 qua
323 1097 465 1161 Martigena
474 1113 523 1145 non
534 1098 588 1145 sunt
599 1099 648 1144 sine
659 1098 758 1146 crimine
768 1101 836 1160 nati,

251 1176 372 1225 Romulus
383 1173 486 1236 iliades,
501 1173 634 1242 Iliadesque
645 1175 742 1225 Remus.
956 1186 989 1232 40

221 1251 276 1314 Qud
288 1255 333 1302 tibi
344 1253 492 1313 formosam,
503 1257 579 1316 sinon
591 1255 636 1301 nisi
647 1253 707 1301 casta
715 1253 843 1318 placebat?

250 1331 310 1381 Non
325 1328 422 1396 pellunt
437 1332 492 1381 ullis
507 1330 550 1380 illa
563 1337 629 1380 coire
641 1329 733 1381 modis.

218 1411 242 1459 si
254 1411 314 1474 sapis
328 1444 337 1470 ,
347 1408 446 1475 indulge
456 1409 577 1470 domim
589 1410 717 1476 vultusque
730 1411 823 1464 severos

250 1487 316 1536 Exue
326 1507 332 1537 ι
341 1504 384 1537 nec
396 1487 466 1553 rigidi
479 1492 531 1554 jura
540 1505 606 1538 tuere
617 1493 673 1539 viri.

217 1564 248 1615 Et
259 1565 329 1626 cole,
343 1583 403 1632 quos
418 1565 527 1630 dederit,
539 1568 631 1616 multos
642 1565 709 1616 dabit
720 1584 794 1629 uxor,
807 1570 907 1619 amicos.
954 1571 985 1617 45

248 1645 332 1694 Gratia
346 1648 379 1694 sic
391 1648 493 1694 minimo
504 1662 591 1710 magna
602 1645 683 1692 labore
693 1650 768 1695 venit·

216 1723 254 1772 sic
268 1727 357 1787 poteris
367 1728 482 1788 juvenum
495 1725 606 1774 convivia
617 1725 708 1787 semper
718 1727 778 1772 inire
788 1741 795 1771 ε

247 1801 299 1860 Et,
317 1817 370 1868 qua
382 1819 432 1852 non
446 1800 552 1862 dederis,
572 1801 649 1850 multa
662 1798 743 1851 videre
760 1799 839 1851 domi.

234 1907 915 1980 fflae-—ssQiffifi—-t

400 2014 654 2078 ELEGIA
693 2017 734 2078 V.

215 2103 329 2228 Nox
346 2192 413 2238 erat:
427 2181 451 2228 &
462 2178 637 2229 somnuslaffos
648 2179 759 2229 submisit
768 2179 868 2231 ocellos.

244 2256 391 2306 Terruerunt
402 2260 509 2306 animum
521 2258 578 2306 talia
589 2260 639 2307 visa
651 2275 741 2307 meum.

212 2332 284 2385 Colle
298 2336 341 2383 sub
355 2338 450 2402 aprico,
470 2335 636 2384 celeberrimus
648 2336 702 2384 ilice
720 2336 787 2386 lucus

244 2413 326 2462 Stabat
339 2431 347 2471 3
358 2417 382 2462 bc
395 2417 421 2461 in
431 2416 502 2461 tamis
513 2414 590 2462 multa
601 2414 689 2462 latebat
701 2419 759 2462 avis.

210 2488 271 2538 Area
286 2494 408 2555 gramineo
421 2492 514 2539 suberat
529 2489 672 2540 viridissima
688 2507 774 2556 prato,

242 2568 322 2618 Uvida
335 2566 364 2619 de
374 2573 447 2635 guttis
460 2569 511 2618 lene
523 2572 628 2618 sonmtis
639 2588 714 2636 aquae.

209 2645 261 2712 lpse
269 2649 311 2695 sub
325 2649 428 2697 arboreis
439 2650 546 2698 vitabam
555 2647 681 2696 frondibus
692 2649 791 2709 aestum3

241 2724 336 2776 Fronde
350 2727 391 2774 sub
403 2728 500 2775 arborea
514 2724 553 2775 sed
568 2740 648 2774 tamen
660 2727 796 2778 alluserat.

206 2802 269 2853 Ecce
279 2839 287 2863 ‚
301 2819 383 2869 petens
395 2808 463 2854 variis
474 2807 595 2853 immixtas
605 2803 704 2856 floribus
713 2807 812 2868 herbas,

239 2880 357 2932 Constitit
367 2896 421 2928 ante
431 2881 514 2931 oculos
525 2880 627 2932 candida
637 2901 708 2934 vacca
718 2903 794 2935 meos.
947 2908 974 2938 ro

206 2958 342 3014 Candidior
352 2961 461 3017 nivibus,
473 2975 529 3009 tunc
541 2962 596 3011 etim
607 2962 712 3011 cecidere
723 2979 847 3023 recentes,

238 3037 268 3092 Ia
282 3035 384 3111 liquidas
395 3035 504 3091 noudum
518 3055 574 3112 quas
585 3057 654 3094 mora
663 3045 736 3095 vertit
750 3057 832 3112 aquas.
