2367 3992
267 429 324 549 ot
343 477 461 550 Aura
485 474 677 549 Annum
696 478 734 548 l.
760 475 792 545 ’1.
844 502 908 568 213

196 603 249 655 iios
263 604 335 653 facito
344 593 483 652 Armenios:
494 601 545 648 hac
553 598 585 648 est
597 599 703 648 Danaeia
713 600 805 647 Pertist
917 613 961 660 ²²5

230 683 294 731 Urbs
311 685 337 730 in
354 680 511 728 Aehaetneuiis
525 676 627 727 vallibus
638 677 682 724 uu
698 676 753 725 fuit.
800 696 807 712 ·

197 759 243 808 ille
256 794 265 818 ‚
282 758 322 812 vei
341 757 400 815 ille,
413 754 502 805 ducet:
516 758 540 804 δι
552 769 635 814 erunt,
648 771 701 820 quae
710 756 811 803 nomina
820 751 900 803 ditate

232 838 257 884 Si
271 837 380 900 poteris,
395 832 468 884 veti:
483 836 502 881 si
517 835 611 891 minus,
628 846 683 897 apta
701 847 790 881 tamen.

198 913 268 968 Dant
282 917 358 963 etiam
370 914 453 976 positis
464 908 556 959 aditum
567 913 677 960 convivia
687 913 776 960 mensis
788 927 795 959 t

225 990 275 1040 ‘Est
288 987 396 1056 aliquid,
411 1004 494 1054 prater
508 992 577 1043 vina,
592 986 659 1054 quod
673 987 729 1037 inde
743 1003 818 1053 petas.

201 1071 267 1134 Saepe
280 1067 334 1116 iilic
349 1070 421 1131 positi
437 1069 522 1115 tenerit
537 1064 639 1131 adduda
655 1065 748 1115 lacertis

235 1147 369 1210 Purpureus
383 1145 471 1192 Bacchi
488 1160 577 1193 cornua
592 1146 677 1207 pressit
688 1145 777 1205 Amore

204 1218 315 1287 Vinaque
331 1221 387 1276 etim
397 1221 489 1271 bibulas
499 1220 601 1284 sparsire
612 1219 739 1284 Cupidinis
749 1222 812 1282 alat,

236 1300 381 1356 Permanet,
398 1302 423 1346 dt
437 1312 507 1363 capto
522 1297 567 1347 stat
578 1300 657 1362 gravis
668 1297 711 1346 ilie
725 1298 791 1349 ioco.

207 1375 249 1434 ille
263 1374 365 1443 quidem
376 1391 464 1440 pennas
474 1375 589 1426 velociter
604 1377 693 1425 excutit
704 1374 780 1430 udas:

239 1455 285 1506 Sed
299 1469 380 1504 tamen
392 1455 505 1518 &spargi
521 1456 600 1519 pedus
613 1471 695 1504 amore
705 1468 785 1505 notet.

208 1533 271 1583 Vina
285 1546 369 1598 patant
385 1533 493 1591 animos,
512 1531 650 1598 faciuntque
660 1532 778 1582 caloribus
791 1545 875 1596 aptott

240 1608 307 1661 Cura
319 1609 381 1674 fugit
391 1608 470 1657 multo
480 1606 626 1675 diluiturque
637 1627 712 1661 meto.

211 1687 279 1737 Tunc
288 1691 388 1741 veniunt
398 1689 456 1736 risus
468 1705 474 1736 ε
486 1702 541 1736 tunc
552 1703 639 1752 pauper
649 1704 739 1737 cornua
751 1689 841 1737 sumit:

242 1767 312 1820 Tunc
323 1764 395 1822 dolor
405 1768 429 1814 δι
442 1781 503 1813 eurae
509 1799 518 1824 ,
529 1780 635 1828 rugaque
646 1765 732 1813 frontis
742 1766 801 1819 abit,
929 1781 976 1826 ‚240

212 1843 281 1892 Tunc
293 1847 368 1908 aperit
381 1858 473 1892 mentes
486 1878 494 1902 ,
511 1858 563 1891 aevo
575 1845 693 1892 rarissima
708 1841 788 1891 nostro
795 1874 822 1903 „

243 1921 405 1985 Simplicitas3
421 1937 482 1971 artes
495 1924 629 1971 excutiente
639 1921 703 1971 Deo.

213 1997 266 2061 iilic
283 2000 342 2064 ¹saepe
353 2002 445 2049 animos
456 2003 570 2064 juvenum
582 1990 678 2064 r'apuere
691 1997 795 2063 puellaet

246 2076 277 2125 Et
287 2077 369 2126 Venus
382 2080 408 2129 iu
419 2080 497 2136 vinis,
510 2080 571 2141 ignis
582 2080 609 2125 in
619 2080 674 2142 igne
688 2077 743 2125 fuit.

215 2152 262 2207 Hic
272 2169 299 2204 tu
310 2153 391 2204 fallaci
403 2154 507 2204 nimium
521 2172 551 2204 ne
561 2153 631 2205 crede
642 2155 756 2204 lucernaez

246 2231 343 2281 iudicio
358 2232 440 2296 forme
448 2249 546 2299 noxque
558 2249 698 2299 merumque
710 2245 808 2293 notent,

215 2310 280 2364 Luce
289 2308 345 2359 deas
355 2310 465 2377 cteioque
477 2312 540 2360 Paris
551 2314 662 2377 speuavit
670 2327 766 2376 apertot

222 2421 223 2425 =
249 2387 316 2437 Ctitn
328 2387 390 2437 dixit
399 2389 504 2448 Veneri3
519 2390 601 2439 Vincis
615 2406 758 2455 utramque,
774 2390 865 2438 Venus.

217 2465 295 2516 Noste
305 2466 381 2516 latent
391 2465 501 2523 mendae,
513 2470 622 2534 titioque
630 2471 760 2532 ignoscitur
769 2469 854 2530 omni:

251 2545 365 2611 Horaque
377 2543 509 2594 formosam
517 2546 650 2612 quamlibet
660 2545 702 2593 iila
711 2544 776 2596 facit,

217 2621 327 2678 Consule
340 2621 495 2688 degemus,
507 2620 537 2671 de
548 2625 620 2671 tiodia
630 2625 721 2671 murice
732 2619 785 2674 lana
791 2653 801 2680 ,

253 2698 359 2749 Consule
367 2698 397 2749 de
405 2697 739 2764 facie‘corporibusquediem.

220 2774 287 2837 Quid
298 2778 342 2825 tibi
351 2777 469 2835 femineos
477 2793 569 2836 centus,
584 2779 708 2825 venatibus
720 2790 787 2841 aptot
794 2809 806 2839 ‚

253 2854 413 2910 Enumeremi
424 2872 525 2905 numero
536 2853 605 2904 tedet
613 2872 682 2904 arena
694 2871 759 2904 meo.
813 2878 816 2884 ¹

221 2931 288 2995 Quid
301 2932 402 2982 referam
413 2934 496 2998 Bajas,
508 2951 668 3001 praetextaque
679 2933 751 2988 litora
760 2933 838 2996 uelis,
934 2939 967 2984 Η
974 2939 983 2988 5

255 3009 304 3070 Et,
322 3027 374 3076 quae
386 3008 415 3066 de
426 3011 504 3061 calido
515 3014 604 3064 sulfure
616 3014 708 3072 fumat,
719 3018 823 3080 aquam?
875 3051 877 3054 -

225 3088 288 3138 Hinc
306 3089 392 3155 aliquis
402 3088 488 3142 vulnus
503 3091 604 3141 referens
616 3095 641 3140 in
655 3095 761 3156 pestere,
776 3091 850 3148 dixit5

258 3166 316 3223 Non
331 3170 394 3224 haec,
406 3184 433 3218 ut
444 3167 508 3221 fama
518 3169 567 3231 est,
579 3168 643 3220 unda
654 3170 751 3219 salubris
758 3182 817 3221 erat.
