2367 3992
246 440 306 552 va
326 481 441 555 Atera
462 481 653 553 Annum
670 478 790 552 LIII.
831 490 895 575 263

212 603 292 655 'Visite
304 609 436 671 conspicuis
446 623 514 656 terna
523 609 617 657 theatra
627 606 695 654 loeis.
901 640 949 686 Μ

178 685 320 749 Spestentur
330 682 412 749 tepido
424 685 551 734 maculosa
563 686 675 750 sauguine
686 699 780 742 arenae3

215 762 330 828 Metaque
344 762 445 812 ferventi
456 761 599 812 circueunda
611 762 674 813 toti.

181 839 330 900 Quod’latet
341 877 348 900 ,
363 843 478 905 ignotum
492 840 524 888 est
533 844 627 905 :ignoti
637 841 704 890 nulia
715 837 822 905 cupido:

217 919 313 967 fruetus
329 919 409 976 abest,
424 918 560 967 facientum
573 920 636 968 bona
648 919 705 968 teste
715 933 788 967 earet.
873 984 876 988 .

184 997 224 1046 Tu
236 997 323 1046 lieet&
336 998 474 1059 Thamyran
486 999 577 1061 superes
588 1002 613 1046 δι
624 997 837 1056 Amoebeacantus
932 1000 936 1009 '

219 1073 278 1123 Non
295 1077 340 1122 erit
350 1076 438 1138 ignore
454 1077 529 1138 gratia
542 1091 628 1138 magna
639 1074 705 1135 lyrae.

185 1152 210 1200 Si
225 1151 344 1199 Venerem
360 1149 427 1200 Csrus
443 1152 560 1216 nusquam
576 1150 690 1216 posuisset
702 1151 813 1217 Apelle'st

220 1229 302 1276 Mersa
314 1228 356 1274 sub
366 1227 533 1291 aequoreitilla
542 1227 626 1276 lateret
634 1231 710 1294 aquit.

184 1303 256 1366 Quid
269 1307 356 1368 petitur
368 1306 452 1358 saeris,
463 1304 613 1354 muraneum
624 1305 703 1366 sama,
715 1309 808 1370 po‘e'tisi

144 1407 149 1415 <
221 1383 278 1432 Hoc
290 1398 374 1431 votum
387 1383 565 1450 nostripsumma
577 1384 665 1432 laboris
678 1385 758 1433 habet.

185 1460 256 1511 Cura
268 1459 347 1509 Derim
360 1459 522 1510 fueruntolim
535 1463 675 1527 Regumque
684 1467 776 1526 poetae,

224 1539 371 1605 Pramr'aque
381 1541 474 1603 anu'qui
484 1555 570 1604 magna
581 1539 656 1588 tulere
667 1542 749 1588 chori:

186 1615 319 1677 Sanctaque
335 1614 458 1677 majestas,
475 1618 498 1663 &
511 1627 560 1663 erat
569 1615 704 1664 venerabile
715 1631 806 1666 nomen

223 1691 324 1744 Vatibus
337 1709 343 1737 ε
356 1694 379 1739 &
391 1690 530 1755 largaesaepe
541 1689 658 1739 dabantur
668 1709 733 1756 opes.

188 1768 281 1818 Ennius
295 1771 413 1825 emeruit,
427 1766 570 1816 Calabrisin
582 1771 703 1817 montibus
715 1785 798 1830 ottus,
835 1796 837 1800 ¹

224 1846 362 1909 Contiguus
374 1847 449 1909 poni,
467 1845 546 1909 Scipio
557 1861 662 1908 magne,
674 1849 727 1894 tibi.

189 1925 264 1975 Nune
279 1921 354 1972 ederae
365 1926 415 1971 eine
426 1924 516 1970 honore
527 1925 619 1985 jacent:
630 1939 775 1990 operataque
785 1922 860 1974 doeiir

226 2002 292 2052 Cura
303 2002 362 2067 vigil
379 2000 454 2050 Mutis
463 2017 552 2050 nomen
562 2003 643 2050 inertis
653 2003 733 2054 hahet.

191 2077 238 2129 sed
248 2079 318 2128 famae
330 2078 429 2145 vigilare
440 2083 523 2144 juvet:
535 2082 587 2144 quis
598 2076 676 2128 nosset
691 2080 843 2143 Homerum,

226 2157 281 2205 ilias
296 2173 408 2209 aeternum
420 2161 438 2205 si
452 2154 554 2208 latuisset
563 2161 640 2223 optat?

189 2235 254 2296 Quis
267 2235 364 2284 Dana‘e‘n
374 2233 467 2294 nosset,
480 2240 498 2284 si
507 2237 598 2300 semper
609 2237 687 2287 clausa
696 2235 790 2298 suisset,

229 2315 302 2379 Inque
320 2317 359 2362 sua
370 2317 428 2363 turri
439 2312 584 2378 perlatuisset
595 2319 667 2364 anus?

193 2393 270 2441 'Utilis
285 2393 316 2441 esi
325 2394 409 2452 vobis,
424 2393 548 2448 formosae,
559 2395 644 2454 turba,
653 2394 747 2460 puella.
776 2409 778 2412 ’

231 2473 295 2535 Saepe
306 2488 379 2535 vagos
390 2471 452 2520 ultra
462 2471 546 2520 limina
556 2472 616 2520 ferte
626 2470 705 2535 pedes.

197 2545 237 2598 nd
254 2549 342 2598 multas
358 2550 413 2613 lupa
422 2548 501 2598 tendit
511 2566 567 2598 oves
577 2585 585 2609 ,
600 2548 717 2614 pradetur
727 2564 754 2600 ut
764 2567 836 2611 unam
846 2566 856 2599 τ

231 2627 262 2675 Et
272 2628 337 2676 Jovis
348 2630 373 2674 in
384 2625 470 2675 multas
482 2624 578 2676 devolat
588 2627 636 2675 ales
648 2644 710 2676 avet.

194 2707 228 2756 δε
244 2721 342 2769 quoque
350 2702 391 2755 det
402 2703 493 2768 populo
504 2705 589 2752 mulier
596 2705 703 2770 speciosa
713 2703 857 2754 videndam:

232 2783 312 2842 Quem
323 2784 412 2837 trahat,
422 2800 436 2834 ,e
451 2783 534 2832 mustis
545 2783 644 2832 forsitan
655 2799 714 2831 unus
725 2785 777 2832 erit.

194 2862 320 2910 *Omnibus
330 2859 371 2908 illa
382 2860 440 2909 loeis
451 2875 545 2909 maneat
553 2859 787 2926 studiosapiacendr‘t

234 2940 264 2988 Et
276 2937 357 2986 curam
373 2939 424 2987 toti
435 2954 513 2988 mente
521 2937 613 2988 decoris
621 2952 684 3004 agat.
705 2990 707 2993 ,

198 3015 277 3068 Casus
288 3017 375 3081 ubique
392 3016 469 3065 valet:
481 3018 571 3082 semper
583 3018 626 3067 tibi
636 3016 738 3082 pendeat
749 3021 848 3068 hamus:

236 3095 291 3152 Quo
307 3093 407 3142 minime
418 3092 497 3144 credas
507 3099 614 3160 gurgite,
625 3098 694 3160 pistis
705 3101 758 3147 etit.

197 3173 267 3237 §ape
284 3188 353 3222 tanes
367 3171 451 3222 frustra
462 3175 594 3223 nemorosis
604 3175 725 3225 montibus
735 3189 827 3224 errante
