2367 3992
722 973 816 1063 A,
968 969 1611 1057 SABINI

466 1132 1343 1206 EPISTOLAE
1454 1082 1852 1203 TRE&

909 1289 1408 1355 TRIBUS

525 1425 996 1512 OVIDH
1071 1422 1790 1512 EPISTQHS

792 1597 1529 1656 RESPONDENTES.

471 1734 1241 1810 EPISTOLA
1336 1719 1831 1810 PRIMA.

558 1899 680 1958 ΠΙ,
715 1895 1034 1958 YSSES
1119 1894 1752 1989 PENELQPAE.

430 1990 778 2107 Ferrum-r
800 2057 861 2108 ad
883 2059 1108 2106 miserum
1126 2054 1321 2105 tandem
1343 2071 1425 2106 tua
1445 2058 1575 2106 casus
1594 2054 1833 2122 Ulyffm,

491 2137 728 2202 Penelope
746 2171 767 2196 ,
793 2138 966 2184 chartis
988 2137 1134 2186 verba
1159 2149 1328 2184 notata
1349 2137 1458 2200 piis.

424 2215 614 2279 Agnovi
646 2230 897 2279 caramque
927 2229 1162 2273 manum,
1188 2228 1497 2279 gemmasque
1523 2211 1688 2265 fideles
1704 2231 1725 2262 ε.

489 2293 714 2342 Solamen
735 2292 891 2356 longis
911 2290 997 2340 illa
1021 2289 1152 2339 fuere
1174 2290 1333 2343 malis.

422 2373 592 2435 Arguis
616 2385 670 2418 ut
692 2370 878 2422 lentum
901 2388 912 2417 ε
938 2367 1138 2421 mallem
1158 2385 1351 2437 quoque
1372 2369 1574 2420 forsitan
1598 2367 1691 2418 esse
1711 2404 1733 2428 ,
1901 2387 1926 2432 ς

487 2447 652 2508 Quam
671 2448 760 2497 tibi
780 2463 980 2513 quaeque
1004 2446 1095 2495 tuli
1124 2445 1307 2501 dicere,
1338 2463 1538 2512 quaeque
1562 2447 1733 2498 feram.

421 2524 538 2575 Non
564 2528 659 2573 hoc
681 2519 862 2589 objecit
884 2527 1004 2572 mihi
1024 2523 1210 2572 Graecia
1225 2558 1241 2583 ,
1272 2523 1385 2574 edm
1406 2541 1513 2574 mea
1537 2523 1677 2574 fiCtua

485 2602 708 2650 Detinuit
735 2604 891 2665 patrio
916 2600 1057 2649 litore
1077 2600 1184 2651 vela
1210 2599 1343 2649 furor
1366 2620 1379 2650 ε

418 2676 519 2728 Sed
543 2677 763 2726 thalamis
778 2695 865 2728 nec
885 2678 1009 2730 velle
1033 2681 1123 2726 tuis
1148 2713 1164 2738 ,
1198 2695 1285 2726 nec
1307 2674 1441 2743 poffe
1472 2694 1660 2730 carere:

483 2754 734 2820 Causaque
763 2754 997 2821 fingendae
1019 2771 1069 2805 tu
1091 2759 1213 2804 mihi
1233 2759 1407 2804 mentis
1430 2772 1545 2804 eras.
1863 2767 1926 2802 ιο

416 2832 502 2884 Nil
527 2833 615 2881 tibi
639 2835 890 2882 rescribam
909 2869 924 2893 ‚
949 2850 1072 2882 curae
1089 2833 1181 2894 est,
1206 2850 1549 2899 properemque
1572 2835 1751 2888 venire.

481 2911 616 2960 Dum
635 2928 839 2977 propero
855 2947 870 2970 ,
893 2909 1077 2962 adversi
1091 2911 1202 2961 'vela
1226 2912 1374 2961 tulere
1398 2911 1537 2961 Noti.

413 2989 530 3042 Non
557 3006 634 3037 me
662 2990 810 3054 Troja
833 3003 964 3039 tenet
985 3024 1001 3049 ,
1025 2991 1180 3054 Grajis
1201 2988 1367 3040 odiosa
1388 2989 1582 3055 puellist

478 3067 583 3114 Iam
619 3069 734 3115 cinis
752 3101 768 3126 ,
818 3070 867 3116 δε
901 3066 1087 3116 tantam
1107 3066 1267 3116 flebile
1283 3103 1299 3128 ,
1324 3070 1499 3134 Troja,
1522 3068 1699 3118 solum.

410 3143 785 3219 Deiphobusque
811 3148 968 3213 jacet,
988 3149 1116 3212 jacet
1141 3147 1274 3201 Asius
1292 3181 1311 3209 ‚
1337 3149 1385 3200 ὃ(
1406 3151 1537 3219 jacen
1552 3146 1756 3207 fleam
1847 3169 1900 3218 κς
