2367 3992
303 468 371 551 156
422 459 911 536 orrnrrArroson

330 581 395 632 Leda
407 582 453 632 fuir
461 583 529 648 nigri
540 583 708 649 conspicienda
717 585 803 634 comi:

298 661 342 710 Seu
355 660 459 720 flauenr3
475 662 565 726 placuit
577 666 666 710 croceis
677 665 768 713 Aurora
782 663 885 728 capillis.

329 740 447 788 Omnibus
458 739 559 788 historiis
574 741 599 787 se
608 757 675 789 meus
685 757 750 806 aptat
760 757 837 790 antor.

263 817 339 871 45Me
355 834 420 868 novo
429 818 549 876 solicitat,
561 834 601 866 me
613 822 689 882 tangit
699 820 771 867 serior
782 833 838 867 aetas
849 836 856 867 t

330 895 387 945 Haec
398 895 484 944 melior
494 896 588 958 specie,
607 897 714 943 moribus
725 896 768 944 illa
778 895 865 960 placet.

295 973 406 1037 Denique
417 968 474 1038 quas
485 972 538 1022 tori
548 976 675 1038 quisquam
686 975 771 1038 probet
783 974 849 1023 Urbe
860 968 967 1040 pueli'as,

328 1051 415 1102 Noster
427 1053 455 1100 in
463 1052 504 1100 has
515 1067 599 1100 omnes
610 1053 750 1100 ambitiosus
760 1068 837 1102 amor.

252 1132 1003 1246 ''¹st

419 1294 816 1379 ‘neeesse

244 1407 314 1528 W

245 1482 276 1539 ,1.
317 1495 402 1530 ursus
412 1494 479 1530 amor
491 1480 550 1527 tanti
562 1477 609 1536 est,
628 1475 734 1544 (abeas,
746 1477 878 1542 pharetrate
888 1471 1017 1546 cupium

327 1557 362 1610 Ur
378 1558 439 1606 mihi
449 1558 496 1605 sint
507 1557 576 1605 toties
591 1558 695 1604 maxima
708 1568 765 1605 vota
776 1559 848 1604 mori.

293 1637 360 1686 Vota
375 1637 437 1684 mori
448 1650 502 1684 mea
513 1635 585 1693 sunt,
599 1632 655 1682 etim
668 1647 689 1682 re
702 1630 807 1697 peccaffe
818 1631 946 1696 recordor,

326 1713 373 1762 Hei
383 1712 459 1763 mihi!
474 1727 617 1778 perpetuum
630 1726 686 1760 nata
696 1710 776 1776 puella
786 1709 892 1760 malum!

264 1815 275 1860 5
294 1789 352 1841 Non
363 1790 424 1839 mihi
436 1788 520 1839 deletae
535 1786 628 1838 nudant
638 1802 679 1837 tua
689 1788 748 1838 fasta
758 1788 866 1837 tabellae:

324 1867 383 1918 Non
397 1865 452 1917 data
463 1865 658 1919 furavemunera
669 1869 760 1915 crimen
768 1867 866 1915 habent.

292 1946 332 1996 ΟΞ·
347 1938 439 1995 utinarn
450 1963 572 2012 arguerem
586 1948 635 2005 sic,
653 1959 679 2018 ut
690 1960 738 1993 non
749 1947 842 1993 vincere
854 1941 964 2008 poffem!

325 2023 368 2073 Me
379 2018 506 2077 miserum!
520 2041 592 2090 quare
607 2038 656 2072 tam
668 2023 731 2071 bona
741 2023 810 2070 causa
818 2039 873 2070 mea
883 2023 916 2070 est
926 2026 936 2072 Ξ

292 2101 376 2161 felix,
388 2095 432 2167 qui
441 2099 507 2168 quod
518 2117 598 2160 amat,
610 2098 737 2150 defendere
748 2099 842 2148 fortiter
854 2097 926 2150 audet
937 2118 947 2153 t

244 2192 274 2228 ro
324 2177 372 2228 Cui
383 2180 423 2228 sua
433 2212 443 2238 ,
455 2178 512 2227 Non
524 2178 569 2227 feci
579 2213 590 2239 ,
601 2176 679 2227 dicere
690 2175 767 2227 amica
778 2175 862 2243 potest.

245 2303 250 2324 ί
292 2255 388 2304 Ferreus
406 2254 454 2314 est,
466 2258 617 2321 nimiumque
628 2256 670 2304 suo
681 2255 746 2305 farer
758 2256 800 2304 ille
815 2253 911 2319 dolori,

323 2331 372 2383 Cui
387 2335 476 2397 peritur
484 2331 547 2383 vine
557 2333 639 2399 palma
650 2348 747 2382 cruenta
762 2333 810 2383 rei.

290 2411 341 2477 lpse
355 2413 426 2460 miser
440 2410 506 2465 vidi,
525 2409 581 2460 crim
591 2428 631 2462 me
643 2409 748 2460 dormire
756 2425 869 2477 putares,

322 2490 418 2543 Sobrius
429 2490 538 2557 apposito
549 2492 650 2540 crimina
659 2489 734 2540 vestra
745 2506 820 2539 mero.

243 2575 270 2626 ¹5
290 2568 371 2619 Multa
385 2567 510 2633 supercilio
521 2565 572 2616 vidi
579 2568 688 2618 vibrante
699 2565 823 2634 loquentes
835 2587 842 2617 e

247 2692 251 2701 ,
322 2646 428 2696 Nutibus
443 2649 469 2698 in
482 2644 561 2696 vestris
577 2663 630 2712 pars
645 2647 708 2694 bona
718 2648 783 2695 vocis
795 2661 854 2698 erat.

211 2726 213 2731 ’
228 2726 233 2742 ’
289 2722 348 2774 Non
358 2723 423 2774 oculi
435 2740 527 2773 tacuere
540 2727 589 2784 tui3
603 2726 782 2790 conscriptaque
791 2728 850 2775 vino

321 2803 417 2852 Mensa:
426 2819 470 2851 nec
481 2805 507 2850 in
519 2800 600 2867 digitis
611 2801 679 2850 litera
687 2801 752 2850 nulla
763 2801 817 2851 fuit.

289 2881 427 2929 Sermonem
439 2882 542 2944 agnovi,
553 2877 631 2945 (quid
638 2895 688 2928 non
698 2877 806 2928 videatur
817 2885 906 2934 amanti
916 2883 942 2954 ἴ)

240 2964 271 2999 20
321 2957 446 3022 Verbaque
455 2972 499 3024 pro
509 2959 579 3004 certis
593 2952 654 3020 juffa
664 2955 742 3004 valere
752 2961 825 3009 notis.

287 3033 387 3099 Jamque
398 3033 509 3100 frequens
518 3034 578 3083 i'e'rat
587 3032 669 3082 mensi
678 3037 779 3087 conviva
789 3038 900 3092 remotis

244 3104 251 3129 ἰ
320 3111 460 3179 Conpositi
470 3116 566 3192 juvenes
577 3115 673 3176 unus&
684 3111 744 3166 alter
753 3130 829 3168 erant.
