2367 3992
306 449 434 519 Lrnarz
463 448 534 516 III.
557 446 723 516 Ertaia
751 443 802 516 ri.
856 451 919 515 181

206 565 275 618 Dum
286 569 391 638 loquor,
404 573 457 621 alba
468 573 515 622 levi
525 574 602 637 sparsa
613 573 700 621 esttibi
710 571 806 639 pulvere
815 570 891 620 vestis.

241 648 342 699 Sordide
350 687 358 710 ,
376 651 405 701 de
422 656 492 701 niveo
504 668 621 716 corpore,
633 652 727 716 pulvis,
741 651 789 699 abi.

206 720 253 776 Sed
263 733 313 795 jam
325 747 414 796 pompa
424 735 503 781 venit:
512 731 599 796 linguis
610 733 743 795 animisque
754 730 842 780 favete.

240 807 346 873 Tempus
358 807 522 874 adestplaustis
530 826 612 858 :aurea
622 826 711 874 pompa
720 813 798 859 venit.

204 883 286 934 Prima
299 885 354 935 loco
367 886 440 935 fertur
451 890 521 952 passis
533 889 639 937 Victoria
649 891 746 953 pennis:

241 963 294 1013 Huc
307 963 376 1024 ades,
396 970 420 1014 &
432 984 498 1016 meus
511 970 550 1015 hic
561 967 600 1017 fac
607 1001 615 1027 ,
628 966 695 1022 Dea,
707 969 788 1016 vincat
799 981 876 1014 amor.

204 1040 316 1092 Plaudite
327 1043 455 1108 Neptuno,
466 1045 570 1094 nimium
580 1049 623 1111 qui
634 1045 729 1095 creditis
741 1043 826 1094 undis:

239 1120 282 1170 Nil
293 1123 354 1170 mihi
369 1139 424 1171 cum
435 1123 520 1188 pelago
534 1142 540 1172 ε
552 1139 591 1172 nie
601 1141 655 1173 mea
666 1140 727 1173 terra
739 1128 811 1188 capit.

204 1196 296 1247 Plaude
308 1215 367 1258 tuo,
380 1200 448 1248 miles
460 1236 467 1259 ‚
480 1202 555 1250 Marri
568 1220 575 1249 z
587 1217 631 1250 nos
640 1200 736 1251 odimus
746 1218 819 1252 arma.

238 1277 288 1325 Pax
298 1282 383 1342 juvat,
395 1283 419 1327 ὃ(
431 1276 511 1327 mediai
521 1295 579 1343 pace
588 1295 692 1344 repertus
702 1280 785 1328 Amor.

203 1356 342 1421 Auguribus
353 1357 456 1406 Phoebus
466 1392 475 1418 ‚
489 1358 578 1405 Phoebe
585 1358 726 1407 venantibus
737 1355 810 1407 adsit:

239 1433 349 1483 Artifices
357 1437 382 1483 in
395 1450 509 1494 reverte,
523 1437 649 1495 Minerva,
661 1453 755 1486 manus.

205 1511 326 1563 Ruricolae
336 1512 436 1574 Cereri,
447 1530 576 1581 teneroque
587 1513 699 1580 alsurgite
711 1515 819 1566 Baccho:

239 1591 364 1641 Pollucem
382 1593 489 1658 pugiles,
502 1593 602 1644 Castora
615 1594 694 1659 placet
705 1611 784 1660 eques.

204 1669 259 1721 Nos
273 1673 333 1732 tibi,
345 1671 432 1722 blanda
443 1674 541 1734 Venus,
554 1676 680 1739 puerisque
691 1672 829 1739 potentibus
839 1685 895 1720 arcu

239 1746 377 1800 Plaudimus
387 1755 502 1815 :inceptis
513 1768 604 1811 annue,
617 1751 697 1806 Diva,
708 1755 776 1800 meis.

204 1827 293 1895 Daque
301 1847 369 1880 novae
380 1846 488 1882 mentem
500 1829 621 1889 dominae,
634 1833 737 1894 patiatur
748 1830 831 1877 amari.

239 1908 343 1968 Annuit,
357 1913 381 1958 ὅ(
390 1925 458 1958 motu
471 1911 538 1974 signa
548 1907 652 1958 secunda
662 1906 737 1957 dedit.

206 1985 281 2048 Quod
297 1987 349 2035 Dea
363 1990 489 2052 promisit,
502 1992 627 2053 promittas
637 1989 697 2052 ipsa,
708 2001 829 2052 rogamus.

240 2066 300 2115 Pace
310 2068 394 2128 loquar
408 2067 523 2126 Veneris,
537 2082 563 2117 tu
573 2067 627 2115 Dea
636 2070 714 2126 maior
726 2068 780 2114 eris.

205 2144 249 2193 Per
262 2147 307 2194 tibi
319 2162 357 2196 tot
369 2151 423 2212 juro
436 2146 515 2200 testes,
527 2161 690 2211 pompamque
701 2144 830 2204 Deorum,

239 2225 275 2273 Te
287 2223 413 2274 dominam
424 2226 492 2274 nobis
504 2239 596 2290 tempus
607 2227 633 2272 in
642 2239 715 2274 omne
728 2224 787 2288 peti.
844 2252 847 2257 -

205 2300 253 2352 Sed
263 2300 371 2368 pendent
382 2304 424 2353 tibi
436 2320 503 2352 crura
513 2318 596 2368 :potes
606 2338 614 2363 ,
625 2306 645 2352 si
655 2302 718 2352 forte
727 2302 836 2368 juvabit,

239 2379 361 2432 Cancellis
372 2386 461 2447 primos
474 2380 595 2432 inseruiffe
606 2380 686 2448 pedes.

205 2458 316 2510 Maxima
330 2465 379 2526 iam
388 2479 464 2512 vacuo
475 2477 561 2526 praetor
572 2461 703 2528 speuacula
714 2458 808 2519 Circo,

240 2537 397 2606 Quadrijuges
408 2557 477 2606 aquo
490 2557 581 2590 carcere
595 2544 662 2589 misit
672 2556 754 2606 equos.

206 2613 256 2665 Cui
266 2616 356 2666 studeas
367 2617 438 2668 video
452 2637 457 2666 :
469 2621 549 2667 vincet
560 2622 702 2685 cuicumque
714 2618 815 2668 favebis.

239 2693 306 2755 Quid
317 2699 409 2761 cupias,
420 2700 465 2761 ipsi
479 2698 536 2746 scire
549 2695 661 2747 videntur
676 2699 739 2762 equi.

206 2771 249 2822 Me
262 2775 393 2824 miserum!
406 2790 496 2824 metam
507 2777 610 2840 spatioso
621 2779 706 2824 circuit
716 2777 784 2825 orbe.

241 2850 308 2912 Quid
325 2854 403 2904 facis?
421 2852 521 2904 admoto
538 2858 660 2920 proximus
676 2870 718 2902 axe
736 2854 807 2904 subit.

207 2930 273 2993 Quid
284 2931 359 2991 facis,
371 2933 470 2982 infelix?
491 2931 568 2998 perdis
580 2936 644 2983 bona
654 2949 711 2984 vota
722 2920 819 3000 uuella.

189 3072 194 3076 .
240 3009 324 3060 Tende
335 3028 417 3075 precor
427 3012 507 3063 validi
517 3014 567 3064 lora
580 3015 671 3065 sinistra
679 3032 761 3065 manu.

207 3090 318 3141 Favimus
329 3094 415 3156 ignavo
428 3109 433 3139 :
445 3090 485 3141 sed
497 3096 560 3142 enim
571 3111 694 3149 revocate,
706 3094 828 3155 Quiritem

231 3167 272 3218 'Et
283 3167 337 3220 date
347 3172 437 3236 jaciatis
451 3169 555 3238 undique
567 3176 633 3237 signa
644 3176 715 3237 togis.
