2367 3992
263 502 333 568 290
389 480 605 547 Ovrorr
641 481 873 550 Nasonis

260 602 356 652 Fortius
370 619 383 650 e
396 601 479 651 multis
498 617 574 651 mater
589 599 707 651 desiderat
722 618 813 662 unum3

293 680 375 742 Qudm
386 684 425 730 eui
438 678 496 729 flens
505 679 595 729 elamat
605 714 615 741 ,
630 680 669 729 Tu
684 682 744 729 mihi
755 680 821 730 solus
832 697 893 731 erat.

210 760 295 823 465Ac
309 776 339 809 ne
350 758 413 809 forti
428 774 495 824 putet
503 775 568 809 nova
577 775 617 808 me
634 760 679 808 tibi
689 756 793 808 condere
804 763 873 825 juram

294 838 304 905 (
315 841 393 905 Atque
408 842 501 888 utinam
511 840 603 888 inventi
613 837 692 902 gloria
702 837 782 886 nostra
795 836 894 904 foretl)

259 914 330 966 Vidit
340 915 366 965 id
384 914 478 967 Atriden
490 935 496 965 :
509 915 569 981 quid
579 919 645 965 enirn
657 932 708 981 non
717 915 760 965 ille
769 914 882 977 videret,

291 993 367 1060 Cujus
381 997 407 1043 in
425 996 523 1044 arbitrio
539 995 632 1044 Greeeia
646 1010 699 1044 tota
711 994 773 1046 fuiti

259 1072 338 1121 Marte
359 1074 401 1121 suo
414 1087 508 1137 captam
523 1071 660 1136 Chryseida
673 1075 749 1123 victor
764 1074 881 1123 amabate

210 1157 259 1201 470
292 1151 324 1199 At
335 1152 412 1200 senior
423 1149 491 1200 stulti
502 1149 575 1200 flebat
585 1152 673 1216 ubique
687 1168 780 1216 parens.
927 1151 931 1160 “

259 1227 326 1290 Quid
335 1229 469 1294 lacrymas,
481 1227 564 1278 odiose
576 1231 646 1279 senex
657 1234 666 1279 i
679 1230 738 1278 bene
753 1233 870 1280 convenit
879 1229 934 1280 illie.

291 1307 380 1358 Officio
396 1323 477 1357 natam
489 1306 573 1361 ledis,
586 1310 683 1372 inepte,
694 1323 747 1356 tuo.

258 1387 338 1447 Quam
349 1386 401 1452 post
414 1387 489 1453 quim
504 1384 571 1436 reddi
586 1384 707 1445 Calchas,
726 1403 773 1450 ope
785 1401 852 1436 tutus
862 1385 971 1448 Achillis,

291 1463 413 1526 Iusserat,
429 1469 454 1515 δι
468 1463 544 1530 patrii
557 1464 590 1513 est
600 1464 642 1513 illa
659 1480 753 1528 recepta
768 1462 865 1525 dom05

210 1543 314 1597 475Est,
331 1547 365 1592 ait
381 1541 475 1592 Atrides
486 1577 494 1602 ,
505 1542 542 1590 illl
553 1541 628 1607 quim
639 1546 748 1606 proxima
758 1542 840 1592 sormi
852 1561 860 1602 3

291 1621 338 1682 Et,
350 1624 369 1669 si
381 1623 526 1686 prImaeinat
536 1619 644 1683 syllaba,
658 1637 749 1669 nornen
760 1619 826 1670 idem
840 1639 848 1670 t
941 1662 945 1677 ,

259 1699 328 1750 Hanc
348 1702 409 1749 mihi
421 1733 430 1759 ,
448 1702 467 1748 si
482 1701 576 1764 sapiat,
592 1700 667 1764 perse
677 1696 795 1749 concedat
805 1699 911 1751 Achilles
922 1720 929 1751 t

291 1780 316 1826 Si
327 1781 406 1827 miuus
417 1796 425 1836 3
444 1780 572 1842 imperium
586 1778 672 1826 sentiat
681 1776 722 1827 ille
733 1794 825 1826 meum.

260 1855 333 1917 Quod
344 1861 363 1906 si
375 1860 428 1923 quis
439 1854 542 1906 vestrim
558 1855 647 1904 fastum
660 1858 706 1904 hoe
718 1857 830 1916 incusat,
845 1858 946 1916 Achivi3

210 1926 258 1986 480
292 1935 331 1984 Est
345 1932 439 2001 aliquid
447 1931 527 1983 validi
537 1935 628 1998 sceptra
639 1949 718 1982 terrete
729 1951 811 1983 mauu.

260 2013 324 2062 Nam
337 2048 345 2073 ‚
362 2017 380 2061 si
398 2015 447 2061 Rex
458 2029 503 2077 ego
510 2013 578 2065 sum,
592 2028 636 2060 nec
647 2028 743 2062 meeum
754 2010 862 2064 dormiet
872 2014 929 2069 illa,

292 2092 320 2140 ln
338 2092 525 2144 mea-Thersites
537 2105 627 2154 regna,
643 2089 744 2149 licebit,
761 2106 808 2139 eat.

259 2170 348 2229 Dixit,
360 2173 385 2218 &
398 2172 459 2218 hanc
478 2169 561 2216 habuit
578 2166 663 2216 solatia
677 2183 764 2232 magna
775 2172 880 2235 prioris:

291 2248 323 2297 Et
335 2250 399 2312 prior
417 2247 449 2295 est
460 2246 516 2294 curi
530 2262 587 2298 eura
597 2245 688 2310 sepulta
697 2245 769 2295 novi.

210 2321 323 2391 485Ergo
337 2320 426 2373 aisurne
438 2339 527 2382 novas,
539 2324 633 2371 autiore
644 2325 843 2388 Agamenurone,
853 2324 970 2387 flammata

292 2403 327 2453 Ut
345 2419 398 2453 tuus
408 2406 434 2452 in
443 2403 509 2451 bivio
520 2398 658 2452 distineatur
669 2418 746 2451 amor.
856 2460 862 2470 ·

260 2482 351 2544 Quaerit
364 2517 372 2543 ,
391 2482 432 2531 ubi
442 2481 548 2531 invenias
558 2483 568 2528 i
578 2493 639 2530 artes
651 2514 659 2539 ‚
672 2482 680 2529 i
690 2514 698 2539 ‚
708 2480 801 2546 perlege
811 2482 910 2535 nostrae.

293 2561 366 2610 Plena
381 2560 514 2626 puellarum
529 2563 579 2626 iam
594 2559 639 2607 tibi
651 2562 717 2608 navis
732 2575 778 2609 eat.

261 2637 335 2700 Quod
347 2640 366 2688 si
376 2636 436 2706 quid
450 2651 567 2703 praecepta
576 2635 658 2686 valent
669 2653 737 2697 mea,
752 2641 771 2688 si
785 2638 846 2706 quid
857 2640 943 2708 Apollo

212 2723 261 2766 490
293 2717 360 2766 Utile
377 2716 490 2766 mortales
504 2713 618 2780 perdocet
631 2732 672 2764 ore
687 2733 760 2776 meo3

262 2793 377 2854 Quamvis
389 2794 474 2845 infelix
488 2791 569 2845 medii
585 2794 710 2843 torreberis
723 2795 816 2859 AEruai,

294 2873 312 2919 F
314 2870 412 2936 rigidior
429 2873 504 2936 glaeie
518 2871 556 2921 fac
565 2869 661 2921 videare
672 2887 727 2922 tuae.
801 2884 804 2889 ·

261 2948 293 2998 Et
308 2949 505 3007 sanumeinrulu
520 2965 550 2998 ne
560 2984 567 3007 ‚
579 2952 598 2997 si
611 2949 670 3015 quid
682 2950 744 3000 forti
755 2951 869 3018 dolebit,

294 3028 385 3076 Sentiat
396 3044 402 3072 r
415 3028 440 3074 &
452 3022 516 3084 ride,
528 3026 583 3075 crim
595 3029 639 3075 tibi
649 3026 742 3078 flendus
752 3035 807 3081 eris.

213 3105 320 3163 495Non
332 3120 377 3169 ego
388 3119 410 3153 te
424 3104 496 3169 jubeo
508 3101 600 3153 mediat
613 3105 753 3172 abrumpere
761 3125 846 3162 curaer

296 3181 354 3233 Non
366 3183 419 3234 suut
431 3184 526 3250 imperii
537 3196 587 3235 tant
597 3182 647 3234 fera
658 3187 711 3250 jura
720 3189 777 3239 mei.
