2367 3992
179 245 1051 438 —

307 625 923 729 148012'11211Arrorturt

255 783 285 832 30
334 761 419 814 Erudit
437 761 545 813 admotas
558 763 607 826 ipse
622 761 722 828 capillus
732 778 796 811 acus.
861 763 864 767 '

299 841 420 891 formosa
432 843 521 908 periere
534 857 611 890 comae
621 860 628 890 e
640 856 698 907 quas
709 839 782 891 vellet
792 839 883 906 Apollo
893 874 909 904 ,
966 870 968 873 v

332 918 396 979 Quae
409 918 484 968 veliet
496 921 569 984 capiti
580 920 686 968 Bacchus
696 916 769 969 ineffe
779 921 832 969 suo.

298 993 350 1045 illis
360 994 504 1045 contulerim
515 1031 523 1057 ,
538 1013 596 1062 quar
610 995 734 1063 quondam
745 995 809 1046 nuda
820 997 903 1046 Dione

330 1073 438 1137 Pingitur
450 1075 559 1123 humenti
571 1072 702 1127 sustinuisse
718 1091 800 1124 manu.

250 1170 277 1214 35
299 1149 364 1212 Quid
381 1151 444 1207 male
455 1149 582 1216 dispositos
596 1155 699 1217 quereris
709 1149 803 1217 periiffe
812 1149 929 1217 capillos?
1014 1146 1017 1153 ¹

329 1228 395 1289 Quid
405 1228 527 1294 speculum
540 1228 621 1278 maestal
632 1233 716 1294 ponis,
727 1233 826 1294 inepta,
838 1245 912 1278 mauu
923 1231 933 1289 ξ

295 1306 353 1357 Non
365 1308 425 1358 bene
435 1309 553 1356 consuerit
564 1324 578 1357 a
589 1321 612 1357 te
622 1309 730 1372 spefflris
740 1307 833 1362 ocellis.

326 1384 362 1434 Ut
372 1384 482 1450 placeat,
493 1383 564 1435 debes
573 1388 703 1434 immemor
714 1383 760 1439 effe
771 1387 815 1437 tui.

293 1462 353 1514 Non
369 1478 392 1512 te
406 1478 505 1514 cantata
516 1464 625 1523 leserunt
634 1463 725 1529 pellicia
734 1465 830 1513 herbae

244 1551 277 1597 40
325 1541 383 1592 Non
397 1558 454 1591 anus
464 1542 591 1592 Haemonii
601 1539 692 1606 perfida
702 1542 762 1602 lavit
772 1539 843 1606 aqui.

293 1619 345 1670 Nec
362 1620 406 1666 tibi
415 1622 451 1668 vie
459 1620 538 1667 morbi
550 1622 652 1686 nocuit3
667 1618 768 1683 (procul
779 1635 853 1668 omen
862 1617 981 1688 abestor)

325 1697 376 1747 Nec
386 1700 475 1746 minuit
487 1694 569 1745 densas
580 1694 663 1746 invida
675 1697 757 1762 lingua
766 1712 856 1752 comas.

291 1777 360 1827 taut
370 1790 443 1832 mauu
452 1774 569 1840 culpalque
580 1773 622 1825 tual
632 1771 755 1839 dispendia
765 1776 852 1832 sentiae
933 1764 940 1776 ⁸

323 1853 375 1918 Ipsa
386 1851 457 1902 dabas
468 1855 540 1918 capiti
550 1857 626 1902 mixta
635 1869 726 1902 veneria
738 1867 789 1902 tuo.

240 1957 270 2005 45
290 1930 362 1980 Nunc
375 1932 418 1980 tibi
429 1935 535 1996 captivos
545 1934 628 1983 mittet
638 1931 767 1982 Germania
777 1931 868 1984 crines:

323 2008 399 2059 Culta
409 2011 559 2076 triumphata
570 2026 668 2061 munere
678 2013 754 2074 gentis
764 2012 817 2058 eris.

290 2087 328 2136 0!
342 2087 503 2153 quamsaepe,
523 2104 603 2137 comas
615 2087 697 2152 aliquo
716 2090 835 2147 mirante,
850 2088 959 2149 rubebisl

322 2165 353 2215 Et
364 2163 444 2226 dices,
454 2165 525 2214 Emtlt
535 2182 599 2216 nunc
610 2182 655 2231 ego
666 2181 743 2214 merce
755 2165 859 2229 probor?

288 2243 377 2294 Nescio
388 2260 459 2309 quam
469 2260 513 2308 pro
523 2261 562 2294 mc
573 2241 654 2292 laudat
663 2258 726 2294 nunc
735 2242 777 2294 istc
784 2243 959 2306 Sygambram:

167 2330 169 2339 '
242 2327 273 2375 50
321 2319 869 2392 famatamcn2memini,ctlmfuitistamei.

287 2398 330 2448 Me
341 2399 469 2447 miserum!
486 2397 603 2461 lacrymas
612 2397 675 2449 tnale
685 2402 795 2447 continet
801 2417 809 2458 3
821 2416 912 2467 oraque
921 2399 1005 2453 dextri

319 2476 442 2540 Protegit,
459 2478 571 2541 ingenuas
584 2479 645 2541 piola
655 2477 741 2525 rubore
754 2493 834 2542 genas.

287 2553 388 2602 Sustinet
399 2557 509 2620 antiquos
520 2557 628 2620 gremio,
640 2555 791 2621 {pestatque‚
804 2555 905 2622 capillos
912 2591 922 2620 ,

318 2632 366 2682 Hei
383 2633 457 2681 mihi!
472 2649 522 2682 non
532 2633 577 2683 illo
591 2649 691 2691 ¹munera
700 2631 773 2698 digua
783 2633 849 2684 loco.

240 2714 251 2762 5
258 2715 268 2763 5
287 2709 385 2774 Collige
395 2726 450 2764 cum
461 2711 528 2762 vultu
539 2727 646 2767 mentem
657 2730 663 2760 ι
676 2712 806 2776 reparabile
817 2710 934 2778 dammum
944 2715 987 2779 cli.

318 2786 448 2845 Postmodo
462 2789 543 2849 nativi
558 2790 702 2857 conspiticte
716 2788 796 2852 corui,
