2367 3992
324 487 586 553 littorum.
619 482 684 548 Er
713 483 784 549 ΙΧ.
859 507 901 567 43

182 607 282 671 Quique
294 608 357 655 inter
366 605 499 668 laevumque
508 604 569 652 latus
579 639 587 661 ,
600 603 735 667 laevumque
750 601 862 649 lacertum
872 636 880 659 ‚

215 685 342 746 Praegrave
359 681 494 746 compressi
507 681 574 728 fauce
587 677 701 744 pependit
716 696 795 736 onus3

181 761 213 809 Et
231 761 296 808 male
313 757 432 814 confisum
444 756 544 823 pedibus
557 757 682 823 sormaque
699 757 828 805 bimembri

215 837 318 886 Pulsum
330 834 470 886 Thessalicis
482 853 568 901 agmen
579 837 683 902 equestre
696 837 768 901 iugis.
914 852 958 883 roo

182 916 242 965 Haec
257 931 283 964 tu
296 914 398 964 Sidonio
414 931 481 979 potes
494 917 621 980 insignitur
630 917 718 963 amithi

215 994 323 1042 Dicere?
334 1010 385 1042 nou
398 993 465 1041 cultu
478 992 558 1057 lingua
569 1007 660 1041 retenta
670 991 738 1040 silet?

183 1073 211 1121 Se
225 1088 324 1138 quoque
334 1071 450 1136 Nympha
461 1073 507 1118 ruis
518 1073 627 1119 oneravit
638 1068 743 1118 Iardanis
754 1069 842 1128 armis,

214 1150 246 1198 Et
261 1148 340 1197 tulite
351 1163 423 1212 capto
434 1163 493 1197 nota
505 1163 593 1211 tropaea
603 1150 665 1196 viro.

183 1225 195 1274 1
211 1243 291 1284 nunc,
310 1225 370 1275 tolle
380 1229 473 1274 animos
484 1260 492 1284 ,
505 1229 529 1273 &
541 1225 615 1273 fortia
626 1224 686 1272 faria
696 1225 789 1272 recense
801 1240 807 1272 ε

215 1302 292 1364 Quod
309 1319 335 1352 tu
345 1320 395 1351 uon
407 1300 463 1351 effes
473 1307 540 1367 Jure‚
552 1306 589 1351 vir
601 1301 644 1350 illa
656 1302 711 1350 fuit.

184 1380 239 1440 Qui
256 1396 324 1429 tanto
341 1384 423 1429 minor
434 1397 474 1439 cs,
491 1395 581 1445 quanto
596 1394 618 1427 te
628 1414 636 1436 ,
648 1381 752 1427 maxime
763 1393 858 1436 terum3
880 1433 883 1441 ⁴

216 1457 300 1517 Quirn
312 1474 374 1524 quos
388 1458 477 1512 vicisti,
488 1462 583 1507 vincere
594 1461 672 1521 majus
682 1470 742 1506 erat.

184 1533 224 1584 illi
234 1534 347 1600 procedit
359 1553 437 1584 rerum
449 1537 558 1584 mensura
570 1549 676 1584 tuarum.

216 1611 287 1663 Cede
303 1615 373 1662 bonis
386 1633 392 1662 z
405 1616 469 1662 heres
480 1611 556 1662 laudis
567 1615 644 1661 amica
655 1628 710 1662 ture.

184 1690 230 1740 Pro
242 1690 334 1756 pudor!
351 1694 436 1741 hirsuti
447 1692 520 1741 costas
530 1708 601 1740 exuta
608 1692 685 1741 leonis

218 1770 307 1834 Aspera
324 1785 433 1818 texerunt
444 1768 531 1819 vellera
543 1769 619 1819 molle
630 1769 700 1818 latus.

183 1847 301 1901 falleris,
313 1851 336 1896 δι
350 1850 424 1896 nescis
435 1867 440 1896 :
454 1865 502 1896 non
512 1850 565 1896 sunt
576 1848 651 1911 spolia
663 1850 708 1894 icta
719 1844 808 1899 leonis,

216 1924 265 1974 Sed
276 1941 331 1983 rum
347 1941 418 1990 tuque
430 1925 473 1973 feri
486 1927 561 1975 vidior
573 1942 611 1984 es,
623 1923 665 1972 ilia
680 1925 724 1971 tui.

183 2003 286 2053 femina
300 2003 347 2051 tela
359 2003 414 2052 tulit
425 2003 526 2052 Lernaeis
538 2004 706 2058 attavenenis,

216 2082 288 2132 ferre
300 2097 397 2147 gravem
408 2079 463 2131 lani
477 2084 516 2131 vix
529 2082 584 2131 satir
595 2093 649 2145 apta
660 2077 742 2130 colum
754 2093 761 2128 r

181 2157 344 2225 Instruxitque
355 2175 455 2208 manum
465 2158 533 2208 clavi
544 2156 671 2207 domitrice
682 2157 802 2206 ferarum:

217 2236 290 2286 Vidit
306 2241 331 2286 &
342 2240 367 2285 in
378 2237 473 2302 speculo
486 2240 595 2303 conjugis
609 2253 675 2286 arma
684 2238 729 2286 sui.
763 2237 765 2241 ⁴

182 2313 244 2365 Haec
254 2329 335 2364 tamen
346 2313 467 2366 audieram
479 2335 485 2364 ε
497 2316 566 2364 licuit
576 2332 626 2363 non
638 2313 732 2365 credere
742 2313 821 2365 famae.

217 2392 255 2440 En
264 2395 331 2440 venit
342 2390 372 2441 ad
383 2393 460 2440 sensus
472 2392 553 2442 mollis
565 2395 595 2441 ab
606 2410 661 2441 aure
671 2391 751 2441 dolor.

183 2468 248 2518 Ante
264 2486 331 2518 meos
346 2469 429 2519 oculos
439 2468 566 2521 adducitur
580 2459 674 2521 aduena¹
681 2471 773 2535 pellex:

218 2547 272 2596 Nec
284 2551 361 2607 mihi,
374 2565 427 2614 quae
442 2552 537 2613 patior,
550 2547 699 2597 dissimulare
708 2548 774 2595 licet.

183 2624 245 2674 Non
255 2629 312 2673 sinis
322 2626 411 2675 averti!
427 2623 533 2674 mediam
548 2629 642 2690 captiva
650 2642 692 2691 per
703 2625 787 2673 urbem

217 2704 301 2751 invitis
314 2705 389 2752 oculis
400 2702 535 2768 aspicienda
545 2707 620 2755 venit.

184 2779 239 2830 Nec
250 2785 317 2830 venit
335 2782 445 2839 incultis,
461 2797 585 2846 caprarum
602 2795 686 2836 more,
698 2777 806 2844 capillis,
820 2799 822 2804 ¹

218 2860 350 2907 fortunam
360 2859 438 2908 vuitus
451 2855 509 2909 frisa
519 2855 621 2923 regendo
636 2859 699 2906 suos.

184 2934 323 3001 Ingreditur
337 2934 382 2984 iard
399 2936 448 2986 lato
459 2936 590 3001 spectabilis
601 2953 675 2985 auro:

219 3014 330 3074 Qualiter
338 3018 364 3063 in
375 3017 476 3079 Phrygia
488 3031 512 3063 tu
522 3031 617 3082 quoque
626 3013 703 3063 cultus
713 3030 772 3065 eras.

183 3092 236 3144 Dar
250 3092 344 3141 vultum
357 3092 448 3157 populo
460 3093 559 3142 sublime
570 3093 612 3141 iub
624 3092 725 3142 Hercule
734 3095 797 3145 viiio
810 3110 817 3142 ε

219 3169 353 3222 OEchaliam
369 3174 425 3224 vivo
437 3171 495 3221 state
504 3186 600 3240 parente
610 3185 687 3239 puter.
