2367 3992
359 481 750 551 Consorxrro.
843 497 909 562 μς

226 599 363 668 Magnaque
373 599 482 650 laudatus
491 600 589 664 praemia
600 600 685 646 mortis
700 595 780 644 habet.

193 678 345 746 Armataeque
355 696 441 744 rogum
453 678 573 726 celebrant
587 674 618 725 de
633 691 701 724 more
715 675 839 722 cohortes:

226 756 257 806 Et
270 755 345 823 pedes
357 758 477 822 exsequias
486 753 567 805 reddit
576 769 694 820 equesque
708 749 773 801 duci.

192 832 229 883 Te
247 832 352 885 clamore
365 849 454 886 vocant
464 837 598 898 iterumque
615 831 868 897 iterumquesupremo
881 849 887 879 ι

224 911 257 961 At
267 928 314 962 vox
324 911 427 962 adversis
438 911 540 961 collibus
552 913 600 960 iiia
608 908 678 960 redit.
913 912 961 949 ²2⁰

190 985 243 1052 Ipse
255 1004 321 1054 pater
333 989 399 1042 flavis
407 991 533 1040 Tiberinus
542 991 661 1038 inhorruit
672 984 741 1037 undis
752 1005 760 1037 t

224 1067 321 1117 Sustulit
336 1072 360 1117 8(
371 1066 454 1118 medio
463 1067 559 1117 nubilus
574 1083 644 1117 amne
655 1081 735 1131 caput.

190 1142 256 1193 Tum
264 1145 335 1195 salice
345 1145 488 1210 implexum,
497 1146 664 1210 muscoque&
674 1139 790 1194 arundine
796 1178 806 1206 ,
817 1147 909 1196 crinem

157 1225 160 1229 ’
224 1221 335 1274 Caeruleo
346 1223 434 1288 magnai
447 1222 505 1289 legit
517 1223 546 1272 ab
554 1239 595 1272 ore
605 1238 688 1271 mann.

188 1297 356 1367 Uberibusque
366 1301 442 1351 oculis
451 1300 610 1363 lacrymarum
618 1298 719 1350 flumina
728 1299 810 1350 misit:
870 1320 874 1346 r
911 1318 957 1357 225

224 1378 271 1427 Vix
283 1382 346 1442 capit
357 1377 457 1444 adjeeias
469 1379 548 1429 alveus
560 1377 622 1427 altus
637 1395 718 1443 aquas.

188 1454 290 1520 Jamque
303 1458 355 1520 rogi
372 1454 480 1505 flammas
494 1459 631 1520 extinguere
641 1454 748 1505 fluminis
759 1458 825 1520 istu,

221 1532 317 1598 Corpus
336 1537 360 1582 bt
373 1535 488 1583 lutatium
503 1534 606 1594 tollere,
622 1548 699 1583 certus
716 1548 775 1585 erat.

188 1610 337 1660 Sustentabat
347 1628 418 1678 aquas
426 1645 436 1672 ‚
451 1614 578 1678 cursusque
589 1613 713 1662 inhibebat
722 1628 856 1679 equorum,

219 1688 255 1737 Ur
275 1687 352 1754 poffet
369 1705 422 1739 toro
433 1690 542 1754 proluere
554 1707 624 1740 amne
635 1707 730 1755 rogum.
908 1694 954 1739 230

187 1765 234 1816 Stel
250 1767 347 1816 Mavors
363 1767 455 1831 templo
466 1769 575 1834 vicinus,
591 1772 616 1817 bt
632 1768 716 1818 accola
725 1768 829 1836 Campi,

219 1844 271 1893 Tot
288 1843 349 1894 dixit
359 1847 426 1894 siccis
438 1845 510 1896 verba
519 1860 562 1894 nec
571 1847 620 1909 ipse
630 1849 708 1910 genis.

186 1921 338 1988 Quamquam
344 1940 424 1972 amnes
430 1921 547 1981 decerna,
556 1937 646 1983 tamen,
655 1925 778 1988 Tiberine,
786 1927 904 1994 quiescere

219 2001 276 2051 Non
289 2002 348 2062 ribi,
364 2018 414 2051 non
428 2000 484 2051 ullis
496 2004 589 2051 vincere
602 2002 652 2051 fata
661 1999 740 2052 datur.

183 2078 228 2127 Iste
246 2095 312 2128 meus
323 2082 408 2146 periit:
418 2083 488 2144 periit
502 2096 566 2129 arma
580 2081 642 2129 inter
653 2084 678 2130 &
689 2082 773 2143 enses,
905 2093 951 2141 235

217 2155 249 2205 Et
265 2155 313 2206 dux
323 2175 368 2223 pro
378 2161 471 2222 patria:
485 2156 566 2206 funere
581 2160 651 2212 causa
661 2159 729 2209 latet.
784 2215 786 2221 ¹

182 2233 258 2296 Quod
274 2239 343 2301 potui
354 2231 474 2296 tribuiil'e,
490 2233 561 2286 dedi:
573 2239 675 2287 victoria.
683 2251 750 2302 parra
761 2237 803 2288 est.

214 2314 302 2363 Auster
312 2312 464 2379 abitoperir,
476 2311 517 2362 sed
528 2329 608 2364 tamen
616 2315 689 2366 exstat
699 2332 768 2380 opus.
812 2347 814 2350 -

183 2390 313 2453 Quondam
324 2409 369 2458 ego
379 2395 468 2443 tentavi
476 2392 632 2459 Clothoque,
644 2392 750 2460 duasque
759 2396 871 2454 sorores,

215 2470 306 2520 Pollice
318 2487 371 2537 quae
385 2486 451 2521 certo
462 2472 533 2535 pensa
544 2473 624 2521 severa
637 2475 734 2520 trabunt
745 2488 754 2530 3
902 2490 953 2534 ²4⁰

181 2547 218 2597 Ut
236 2550 322 2596 Remus
333 2548 436 2606 Iliades,
453 2553 478 2598 δι
495 2548 567 2598 frater
583 2547 696 2599 conditor
710 2548 804 2612 Urbis,

214 2623 352 2689 Effugerent
364 2626 444 2692 aliqui
455 2627 534 2692 stagna
546 2625 666 2693 profunda
677 2627 724 2678 rii.

181 2703 220 2753 De
229 2703 302 2750 tribus
310 2719 357 2752 una
365 2707 439 2764 mihi,
449 2705 542 2754 Partem
554 2708 649 2770 accipe,
659 2723 711 2771 quae
720 2705 800 2769 datur,
807 2708 897 2774 inquit,

214 2780 321 2828 Muneris
333 2799 338 2829 t
351 2798 378 2829 ex
388 2783 449 2835 istis,
462 2781 529 2848 quod
539 2787 615 2848 petis,
626 2784 751 2836 alteretit.

180 2857 228 2909 Hic
240 2858 283 2906 tibi
296 2893 303 2915 ‚
316 2875 373 2908 mox
383 2861 470 2909 Veneri
482 2859 561 2910 caesar
574 2861 702 2928 promiilur
714 2878 828 2931 uterque:
898 2880 942 2928 245

214 2936 265 2986 Hos
277 2933 347 2985 debet
362 2937 425 2986 solos
438 2939 527 2989 Martia
538 2941 616 2990 Roma
625 2941 715 2992 Deos...

179 3015 218 3064 Sic
239 3017 345 3066 cecinere
361 3015 419 3066 Deae
431 3034 437 3065 t
448 3034 492 3068 nec
505 3032 552 3080 tu,
565 3019 694 3081 Tiberine,
707 3036 834 3088 repugna,

212 3091 280 3142 irrite
291 3111 299 3153 3
310 3110 353 3144 nec
365 3093 473 3145 flammas
483 3111 553 3144 amne
564 3113 657 3147 morare
667 3113 719 3148 mo.
792 3131 795 3137 ι

179 3167 232 3221 Nec
243 3173 334 3237 juvenis
347 3175 421 3241 potiti
429 3174 553 3242 supremos
560 3172 652 3225 deſtrue
660 3177 765 3303 honorg
773 3195 783 3226 e

771 3269 796 3320 Vl
