2367 3992
307 488 353 567 96
404 478 445 546 P.
474 479 666 547 Ournrr
689 482 922 550 Nasonis

305 601 405 650 Talibus
418 604 506 667 exiguo
519 600 587 650 diuis
597 603 657 651 mihi
669 617 789 653 murmure
800 606 895 664 verbis,

256 697 286 732 ro
336 678 424 728 Cetera
434 697 490 728 cum
499 682 580 728 charra
588 677 671 728 dextra
681 680 763 730 locuta
773 697 827 730 mea
838 682 879 730 est.

302 759 334 807 At
349 774 440 823 quanto
450 757 564 816 mallem,
577 758 653 822 quaint
663 759 789 818 scriberet,
800 758 843 808 illa
853 759 960 810 nataret!
1033 822 1036 827 .

333 835 422 902 Meque
436 852 477 899 per
488 833 587 883 all'uetas
595 833 676 885 sedula
683 836 756 885 ferret
766 853 837 902 aquas
848 837 856 885 l

299 912 385 978 Aptior
395 913 438 962 illa
447 911 545 977 quidem
557 911 653 977 placido
664 911 720 962 darc
729 915 827 963 verbera
836 928 930 979 ponto:

331 992 371 1040 Est
381 1005 461 1040 tamen
470 995 495 1039 ὃ(
505 990 583 1040 sensits
594 1006 649 1055 apta
659 991 764 1040 ministra
772 994 829 1040 mei.

252 1075 280 1123 25
299 1068 404 1133 Septima
415 1085 464 1118 nox
481 1060 576 1134 agitur}
595 1070 698 1135 spatium
710 1070 771 1117 mihi
783 1070 969 1134 longimanum·

330 1147 458 1195 Solicitum
473 1151 549 1196 raucis
565 1162 591 1195 ut
607 1163 672 1195 mare
687 1147 763 1196 fervet
777 1151 851 1212 aquis.

297 1223 341 1272 His
355 1241 401 1289 ego
417 1227 436 1272 si
447 1223 498 1275 vidi
509 1225 656 1273 mulcentem
667 1227 761 1289 pellora
772 1227 885 1276 somnum

328 1302 462 1363 Nostibus‚
475 1305 550 1353 insani
559 1307 589 1351 sit
600 1320 667 1351 mora
677 1303 749 1368 longa
760 1303 824 1353 freti.

296 1382 363 1447 Rupe
378 1379 461 1431 sedens
474 1381 571 1447 aliqui,
584 1384 662 1446 spello
676 1395 717 1430 tua
728 1380 799 1430 litora
811 1383 897 1434 tristis:

249 1454 279 1499 3⁰
291 1484 300 1496 ·
328 1460 359 1508 Et
370 1476 419 1525 quo
428 1477 478 1508 non
490 1457 584 1523 pullum
597 1476 713 1524 corpore,
726 1475 806 1509 mente
818 1460 890 1513 feror.

293 1537 397 1586 Lumina
407 1541 466 1604 quin
482 1541 554 1586 ctiam
565 1538 658 1586 summi
668 1538 793 1602 vigilantia
803 1554 866 1588 turre

325 1617 374 1664 Aut
386 1614 453 1664 videt
465 1651 473 1674 ,
495 1630 536 1665 aut
546 1619 607 1664 acies
618 1616 696 1664 nostra
706 1614 787 1665 videre
797 1630 875 1680 putat.

291 1691 340 1740 Ter
350 1694 411 1741 mihi
421 1691 529 1760 deposita
542 1694 607 1742 estin
619 1697 681 1743 sicca
689 1694 759 1745 vestis
770 1693 852 1743 arcuit

323 1771 371 1820 Ter
382 1787 452 1837 grave
469 1775 560 1821 tentavi
570 1788 665 1836 carpere
677 1770 754 1820 nudus
764 1775 818 1820 iter.
913 1793 917 1799 ·

243 1855 270 1904 35
290 1847 388 1899 Obstitit
399 1853 499 1915 inceptis
510 1848 632 1899 tumidum
641 1850 786 1915 juvenilibus
796 1866 892 1916 equor,

321 1928 407 1977 Mersit
418 1933 442 1977 bt
452 1927 554 1983 adversis
565 1945 608 1978 ora
617 1932 720 1977 natantis
731 1931 806 1997 aquis:

286 2005 320 2054 At
332 2021 373 2066 tu,
389 2005 419 2056 de
433 2006 520 2072 rapidis
536 2008 757 2055 immansuetissime
772 2005 863 2063 ventis,

320 2083 385 2145 Quid
398 2103 493 2134 mecum
504 2085 567 2135 certi
577 2084 662 2150 proelia
672 2097 751 2131 mente
758 2083 838 2146 geris?

285 2163 312 2212 In
325 2180 377 2224 mc,
395 2168 414 2214 si
425 2167 500 2213 nescis
512 2199 520 2223 ,
531 2164 620 2222 Borea,
632 2179 683 2210 non
694 2176 806 2225 aequora,
819 2159 898 2208 savis?

235 2258 267 2303 40
316 2241 382 2302 Quid
393 2242 493 2302 faceres,
511 2239 568 2289 effet
578 2240 656 2288 nisibi
666 2252 737 2286 notus
747 2240 830 2285 amor?

284 2320 346 2368 Tam
352 2319 444 2384 gelidus
453 2317 507 2368 culm
516 2321 555 2376 sis,
564 2333 614 2365 non
620 2331 642 2364 te
647 2331 727 2363 tamen
735 2348 743 2374 ,
752 2313 871 2377 improbe,
877 2313 1002 2382 quondam

314 2397 412 2461 Ignibus
422 2397 504 2444 anais
515 2390 638 2444 incaluiffe
648 2408 727 2456 negas.

282 2473 375 2522 Gaudia
388 2486 484 2536 rapturo
500 2475 519 2520 si
535 2475 587 2537 quis
598 2472 642 2519 tibi
652 2467 761 2518 claudere
770 2466 845 2518 vellet

312 2553 395 2600 Airios
413 2547 504 2610 aditus,
523 2565 572 2614 quo
588 2563 693 2612 paterere
707 2545 798 2596 modo?

196 2630 201 2637 ’
230 2632 259 2679 4ῐ
280 2626 362 2688 Parce,
376 2643 473 2692 precor3
484 2626 630 2691 facilemque
642 2641 714 2674 move
723 2623 870 2675 moderatius
882 2643 979 2679 auram:

311 2707 415 2770 Imperet
427 2702 575 2771 Hippotades
586 2707 620 2753 sic
631 2705 676 2752 tibi
685 2703 748 2752 trille
759 2703 829 2753 nihil.

277 2781 345 2832 Vana
356 2799 428 2847 pero,
439 2786 595 2849 precibusque
606 2785 665 2830 meis
680 2782 846 2831 obmurmurat
857 2785 921 2848 ipset

309 2860 421 2925 Quasque
436 2864 527 2926 quatit,
544 2860 612 2908 nulla
626 2875 692 2925 parte
702 2865 813 2919 co'e'rcet,
830 2877 910 2926 aquas.

217 2930 220 2937 ’
276 2937 347 2986 Nunc
358 2935 425 2986 daret
436 2936 535 2986 audaces
546 2941 639 2985 utinam
648 2938 709 2984 milri
718 2935 830 2986 Daedalus
841 2937 904 2989 alass

228 3023 259 3072 50
309 3013 318 3081 (
331 3014 431 3064 lcarium
442 3017 550 3080 quamvis
560 3013 601 3063 hic
611 3014 748 3079 propelitus
756 3015 820 3065 adest
828 3025 852 3076 a)

276 3092 398 3160 Quicquid
415 3095 474 3149 erit,
490 3097 580 3158 patiar:
590 3094 661 3142 liceat
674 3092 750 3143 modo
761 3110 845 3158 corpus
854 3096 879 3142 in
889 3109 958 3145 auras

295 3237 298 3243 Ι
308 3172 405 3224 Tollere
416 3207 425 3236 ,
436 3170 503 3240 quod
517 3170 591 3224 dubia
600 3174 660 3238 sepe
669 3171 783 3240 pependit
793 3169 863 3239 aqui.

884 3249 991 3308 lntcrta,
1035 3252 1040 3261 '
