2367 3992
262 503 328 565 162
383 493 589 561 Ovtort
618 486 872 560 Altonum

276 638 965 712 emm-Q-——e

431 781 684 845 ELEGIA
724 783 797 844 IX.

263 872 328 997 O
343 947 350 995 l
369 959 515 1010 uuluQuntt
525 961 567 1010 pto
579 963 617 995 me
629 945 683 993 satir
693 941 816 1009 indignate
827 943 942 1012 Cupido.

291 1025 313 1072 O
325 1025 331 1073 l
343 1028 369 1072 in
380 1023 451 1074 corde
461 1041 517 1073 meo
529 1021 645 1072 desidiose
657 1039 724 1086 puer.

258 1101 324 1164 Quid
336 1120 390 1163 me,
402 1105 444 1169 qui
455 1102 523 1151 miles
535 1117 669 1167 numquam
679 1114 719 1150 tua
728 1102 795 1166 rigna
805 1099 893 1166 reliqui
903 1134 915 1162 ,

291 1179 384 1230 Laedisi
399 1185 423 1230 ὅ(
435 1184 461 1230 in
471 1181 549 1230 castris
558 1179 672 1230 vulneror
682 1179 731 1242 ipse
739 1181 817 1226 meis?

228 1263 239 1309 5
258 1258 310 1312 Cur
322 1275 361 1309 tua
373 1259 412 1309 fax
423 1262 489 1319 urit,
501 1257 554 1324 figit
565 1274 619 1308 tuus
629 1259 811 1307 arcusamicosi

291 1339 375 1389 Gloria
386 1352 517 1404 pugnantes
529 1339 623 1387 vincere
633 1339 711 1401 rnaJor
721 1349 780 1384 erat.

259 1413 341 1478 Quid?
352 1433 402 1466 non
414 1415 552 1466 Haemonius
564 1432 636 1481 quem
647 1411 744 1478 cuspide
755 1411 858 1479 perculit
868 1415 942 1462 heroe
949 1445 959 1475 ,

293 1491 439 1559 Confoffurn
451 1491 544 1542 medici
555 1490 683 1557 postmodo
693 1494 755 1558 juvit
764 1497 826 1556 ope?

259 1573 366 1622 Venator
377 1573 481 1636 sequitur
493 1570 607 1635 fugientia
618 1606 626 1629 ‚
637 1585 706 1635 capta
716 1570 830 1635 relinquit
841 1587 849 1618 z

214 1661 243 1693 ¹0
293 1651 424 1714 Semper&
437 1650 538 1696 inventis
549 1647 662 1697 ulteriora
672 1651 741 1713 petit.

260 1725 311 1776 Nos
320 1740 360 1775 tua
370 1727 499 1785 sentimus,
511 1725 614 1790 'populus
625 1726 668 1774 tibi
679 1723 788 1785 deditus,
800 1741 868 1774 arma
880 1743 888 1774 e

292 1804 362 1869 Pigra
373 1803 496 1852 telutianti
504 1799 575 1851 ceffat
583 1806 608 1851 in
620 1803 684 1851 hoste
694 1819 787 1852 manus.

261 1880 327 1944 Quid
342 1884 407 1946 juvat
417 1884 443 1929 in
453 1878 522 1929 nudis
533 1883 629 1929 hamata
640 1879 763 1930 retundere
776 1879 824 1931 tela

293 1959 405 2009 Ossibus?
417 1957 468 2007 oll'a
479 1961 539 2006 mihi
550 1957 615 2007 nuda
626 1957 725 2022 reliquit
734 1975 811 2006 amor.

215 2051 241 2098 ις
261 2038 312 2087 Tot
321 2041 370 2087 sine
381 2054 462 2087 amore
473 2038 531 2091 viri,
543 2051 580 2084 tot
590 2037 644 2084 sunt
654 2039 702 2084 sine
714 2052 795 2084 amore
806 2035 908 2100 puellaet

293 2114 356 2164 Hinc
371 2116 414 2165 tibi
425 2131 479 2164 cum
492 2129 577 2178 magna
590 2111 660 2162 laude
670 2116 802 2180 triumphus
815 2130 865 2163 eat.

205 2215 233 2257 ἡ
260 2194 339 2242 Roma
351 2229 360 2253 ,
372 2195 418 2242 nisi
431 2193 575 2240 immensum
584 2194 647 2242 vires
658 2188 790 2257 promdllet
799 2194 826 2240 in
835 2192 939 2257 orbem,

293 2272 430 2320 Stramineis
441 2267 498 2319 effer
507 2286 570 2319 nunc
581 2287 678 2336 quoque
694 2273 753 2320 teila
762 2273 831 2320 casir.

260 2345 339 2398 Fetl'us
349 2350 376 2396 in
386 2363 495 2412 acceptor
507 2349 575 2396 miles
586 2345 713 2397 deducitur
723 2363 806 2412 agros:

213 2429 244 2462 ²⁰
293 2425 401 2475 Mittitur
414 2425 521 2474 insultus
534 2443 626 2476 carcere
638 2425 697 2475 liber
708 2442 799 2492 equus:

259 2503 389 2570 Longaque
400 2501 537 2553 subduiiam
548 2505 627 2554 celant
637 2505 731 2556 navalia
738 2508 840 2570 pinume

293 2582 404 2649 Tutaque
414 2580 524 2650 deposito
534 2585 640 2648 poscitur
650 2585 703 2633 ense
714 2581 788 2633 rudis.

260 2659 303 2709 Me
315 2677 427 2726 quoque,
439 2665 480 2726 qui
493 2665 563 2710 toties
574 2665 651 2710 metui
660 2663 702 2710 sub
714 2678 795 2712 amore
804 2660 892 2727 puellae
903 2696 914 2724 ,

293 2737 439 2789 Defunilum
451 2738 544 2806 placidi
553 2744 632 2791 vivere
644 2755 737 2806 tempus
748 2755 806 2790 erat.

213 2829 242 2876 ²5
261 2817 339 2877 Vive,
354 2817 434 2878 Deus,
446 2822 542 2884 posito,
555 2822 574 2867 si
584 2821 638 2885 quis
646 2821 708 2867 mihi
719 2816 784 2868 dicar
792 2854 802 2879 ,
810 2835 915 2879 amore,

293 2894 426 2959 Deprecer:
436 2900 507 2963 usque
519 2895 579 2946 adeo
590 2895 659 2946 dulce
670 2895 749 2960 puella
758 2898 852 2948 malum
864 2899 907 2949 est.

261 2970 327 3024 Cim
340 2975 397 3021 bene
410 2977 533 3039 pertaesum
541 2975 589 3030 est,
603 2977 731 3051 animoque
744 2975 865 3042 relanguit
876 2975 965 3040 ardor,

295 3051 381 3100 Nescio
393 3070 441 3119 quo
452 3055 542 3103 misetae
555 3053 647 3102 turbine
659 3055 745 3103 utentis
756 3070 824 3118 agor.

262 3128 297 3182 Ut
308 3133 369 3197 rapit
379 3133 405 3181 in
414 3149 516 3200 praeceps
526 3129 654 3183 dominum
659 3166 669 3196 ‚
681 3133 815 3199 spumantia
825 3131 915 3187 frustra
