2367 3992
327 459 598 526 Hruornnr.
620 451 697 521 Er.
716 454 845 522 XVII.
897 459 940 542 89

228 575 277 626 Dat
285 580 347 627 mihi
358 577 424 628 Leda
434 580 535 636 Jovem,
552 593 629 640 cycno
640 575 756 642 decepta,
767 591 903 641 parentem
964 595 990 640 55

258 656 319 716 Quae
335 655 420 706 falsam
431 655 629 721 gremiocredula
641 656 704 705 fovit
714 672 793 706 avem.

225 733 236 781 1
246 751 312 784 nunc
322 771 329 794 ,
339 739 371 789 ,ἃ
384 736 491 799 Phrygia
505 733 552 783 late
563 731 695 798 primordia
704 739 798 798 gentio,

256 812 373 879 Cumque
386 814 429 861 suo
440 814 562 861 Priamum
572 809 738 860 Laomedonte
754 812 827 861 refer.

224 888 291 950 Quos
308 907 355 955 ego
365 892 467 954 suspicio
479 909 485 938 z
495 888 550 949 sed,
564 893 606 955 qui
617 891 661 939 tibi
670 888 748 954 gloria
758 905 847 953 magna
857 889 890 938 est

254 966 380 1028 Quintus,
393 972 412 1017 is
427 969 531 1017 anostro
542 973 641 1017 nomine
653 971 742 1033 primus
756 973 811 1017 erit.
963 985 994 1023 ω

221 1046 319 1111 Sceptra
334 1062 381 1095 tuae
397 1049 506 1112 quamvis
517 1064 567 1095 rear
580 1044 626 1095 effe
640 1050 748 1111 potentia
765 1047 862 1111 Trojae,

238 1178 242 1185 ¹
253 1125 313 1191 Non
328 1140 409 1173 tamen
420 1127 470 1173 haec
482 1124 530 1172 illis
540 1121 585 1172 effe
595 1128 690 1173 minora
700 1140 769 1189 puto.

219 1204 244 1252 Si
262 1207 313 1267 Jam
324 1200 414 1252 divitiis
429 1202 497 1252 locus
508 1205 547 1251 hic
558 1219 706 1268 numeroque
721 1205 829 1251 virorum

252 1281 380 1340 Vincitur;
397 1297 421 1330 at
432 1279 495 1330 certi
506 1281 604 1329 barbara
615 1296 677 1329 terra
687 1296 727 1328 tua
736 1279 777 1328 est.

217 1358 324 1408 Munera
334 1374 401 1408 tanta
414 1358 512 1426 quidem
527 1361 649 1423 promittit
663 1357 761 1422 epistola
770 1355 836 1409 dives
843 1391 853 1418 ,

252 1437 289 1486 Ut
302 1441 395 1502 possint
411 1440 470 1503 ipsas
481 1437 523 1486 illa
533 1454 631 1486 movere
642 1436 718 1485 Deas:

217 1515 266 1566 Sed
278 1519 297 1565 si
311 1521 361 1582 jam
377 1516 435 1565 fines
451 1516 540 1565 vellem
555 1518 653 1565 transire
664 1512 778 1579 pudoris,

250 1594 291 1642 Tu
302 1595 390 1643 melior
406 1594 481 1658 culpe
496 1596 565 1642 causa
577 1594 670 1642 futurus
682 1610 742 1642 eras.

214 1671 267 1722 Aut
277 1688 323 1736 ego
334 1672 449 1737 perpetuo
462 1672 551 1722 famam
563 1675 612 1720 siue
624 1671 677 1720 labe
686 1673 791 1732 teneb03

249 1751 299 1800 Aut
316 1767 361 1815 ego
370 1767 392 1800 te
403 1750 499 1816 potiris,
517 1750 592 1815 quim
603 1765 643 1798 tua
656 1748 736 1809 dona,
748 1752 839 1814 sequar.
904 1798 908 1815 ‚
955 1757 989 1806 70

213 1826 300 1893 thue
317 1845 406 1878 canon
421 1830 521 1893 sperno,
537 1832 570 1877 sic
586 1831 750 1892 acceptissima
764 1829 855 1891 semper

225 1921 231 1929 ·
248 1907 352 1955 Munera
362 1908 435 1965 sunt,
454 1909 534 1956 austor
544 1923 598 1971 quae
610 1906 713 1970 pretiosa
724 1905 791 1953 facit.

212 1983 356 2032 Plusmulto
363 1984 395 2032 est
404 1983 481 2049 ‚quod
490 2001 568 2041 amas3
578 1982 646 2049 quod
653 1985 704 2031 sum
711 1984 755 2031 tibi
760 1983 829 2030 causa
836 1980 935 2042 laboris,

249 2059 324 2121 Quod
334 2079 376 2126 per
386 2077 435 2110 tam
444 2063 527 2127 longas
539 2065 588 2126 spes
598 2077 638 2110 tua
645 2063 799 2125 venitaquas.

211 2138 379 2205 Illaquoque‚
392 2127 559 2205 appositiquae
568 2156 632 2188 nunc
642 2139 708 2192 facis,
719 2139 932 2202 improbe‚mensi‚
952 2157 981 2203 75

248 2216 363 2276 Quamvis
375 2222 480 2282 experiar
498 2217 662 2276 dissimulare,
677 2233 747 2267 noto.

210 2294 285 2346 cum
293 2294 369 2344 modo
380 2314 418 2345 me
430 2298 516 2360 spestas
527 2297 620 2350 oculis,
634 2297 736 2354 lascive,
753 2299 885 2361 protervis,

247 2374 314 2433 Quos
325 2378 365 2422 vix
376 2374 486 2422 instantes
498 2373 590 2422 lumina
602 2375 679 2422 nostra
691 2373 786 2423 serunt:

209 2449 245 2500 Et
257 2449 332 2500 modo
342 2454 441 2517 suspiras
452 2471 457 2499 τ
467 2450 543 2500 modo
555 2451 642 2516 pocula
655 2455 764 2515 proxima
774 2452 844 2501 nobis

246 2529 342 2587 Sumis3
355 2529 448 2594 quique
459 2531 507 2577 bibi
518 2564 525 2587 ‚
538 2545 564 2578 tu
576 2546 672 2594 quoque
683 2544 748 2593 parre
759 2530 829 2578 bibis.
951 2527 982 2575 so

207 2605 265 2652 Ah!
278 2609 372 2670 quoties
385 2604 483 2671 digitis,
496 2611 589 2672 quoties
601 2623 646 2671 ego
657 2609 716 2655 tesia
725 2609 810 2655 notavi
984 2608 991 2614 “

244 2683 316 2745 Signa
326 2684 452 2747 supercilio
466 2701 532 2748 paene
543 2684 657 2748 loquente
668 2683 735 2732 dari!

207 2759 242 2810 Et
257 2762 318 2824 saepe
332 2764 448 2820 extimui,
460 2779 489 2810 ne
499 2765 535 2810 vir
547 2777 614 2809 meus
625 2760 667 2808 illa
674 2760 783 2811 videreta

241 2837 301 2888 Non
314 2841 368 2888 satis
379 2840 480 2889 occultis
492 2841 622 2904 erubuique
632 2843 706 2902 notis.

206 2917 274 2981 Saepc
285 2917 324 2966 vel
339 2921 439 2982 exiguo,
451 2918 490 2967 vel
504 2917 572 2966 nullo
587 2935 710 2967 murmure
722 2917 785 2978 diri,
947 2903 975 2965 ⁸5

240 2987 368 3059 Nilpudet
379 2999 440 3043 hunc
452 3014 457 3042 =
470 3013 514 3044 nec
525 3013 571 3045 vor
582 2999 633 3046 haet
643 3013 696 3045 mea
704 2997 763 3046 falsa
774 2997 828 3048 fuit.

206 3072 274 3120 Orbe
286 3089 382 3137 quoque
392 3075 417 3120 in
428 3077 513 3122 mensae
525 3074 572 3138 legi
580 3076 623 3122 sub
634 3078 732 3124 nomine
745 3076 845 3138 nostro,

242 3147 316 3212 Quod
328 3147 428 3203 deducta
442 3167 510 3202 mero
520 3152 588 3204 litera
599 3152 671 3213 fecit,
684 3154 755 3204 Amo.
