2367 3992
289 476 560 546 Hunorum.
582 476 659 545 Er.
683 479 789 549 XXI.
843 507 905 550 121
953 561 959 566 ,

188 589 336 662 Numquid,
351 598 377 646 in
391 598 504 648 umbroso
515 597 571 649 etim
582 600 657 651 velles
669 601 737 651 fonte
749 602 840 663 lavari,

222 673 365 738 Imprudens
379 676 459 726 vultus
470 675 501 726 ad
515 692 555 726 tua
566 677 632 728 labra
646 678 707 728 tuli?

187 753 326 803 Praeteriine
337 768 389 803 tuau
399 753 429 803 de
445 768 483 804 tot
493 755 628 804 coelestibus
639 760 705 806 arati

221 832 303 897 Atque
316 831 401 881 tuaest
413 832 493 881 nostri
506 835 583 898 spreta
590 850 688 899 parente
698 838 801 900 parenti

187 909 234 960 Nil
251 926 298 974 ego
309 913 421 975 peccavi,
438 914 483 959 nisi
493 910 559 977 quod
570 917 673 977 perjuria
683 913 745 978 legi5

222 990 299 1055 Inque
310 1005 395 1053 parurn
407 988 482 1038 fausto
493 993 599 1038 carmine
612 989 681 1039 docta
692 991 736 1040 fui.

191 1069 230 1117 Tu
241 1083 339 1132 quoque
351 1084 395 1131 pro
405 1067 488 1127 nobis,
504 1071 523 1116 si
535 1085 585 1117 non
597 1073 705 1120 mentiris
716 1086 843 1134 amorem,

223 1147 290 1195 Tura
302 1145 377 1194 feras:
390 1147 496 1209 prosint,
509 1161 562 1210 quae
572 1163 688 1202 nocuere,
702 1165 796 1197 manus.

189 1221 256 1282 Cur,
275 1238 327 1288 quae
337 1224 474 1282 succenset,
487 1222 553 1288 quod
567 1222 645 1273 adhuc
655 1228 699 1273 tibi
711 1229 777 1289 pasta
788 1227 868 1290 puella

224 1298 732 1367 Nontuasit,fierinetuapossit‚agit?
792 1344 795 1349 .

191 1380 283 1430 Omnia
294 1377 324 1428 de
337 1378 393 1429 vivi
404 1379 447 1426 tibi
459 1381 512 1426 sunt
524 1378 655 1443 sperandae
667 1379 726 1444 quid
737 1381 816 1431 aufert

207 1444 211 1450 ²
224 1459 291 1507 Saeva
301 1459 362 1505 mihi
371 1459 464 1518 vitam,
477 1458 542 1520 spem
560 1457 604 1505 tibi
616 1458 680 1508 Diva
692 1462 754 1507 mcii

192 1535 245 1587 Nec
264 1550 290 1585 tu
300 1532 428 1584 credideris
438 1533 526 1595 illurn,
540 1537 579 1584 cui
592 1532 697 1584 destinor
707 1553 781 1600 uxor,

224 1615 299 1680 AEgra
313 1611 460 1678 superpositi
470 1613 578 1662 membra
589 1612 670 1663 fovere
682 1631 764 1665 manu.

189 1691 287 1744 Assidet
302 1691 343 1740 ille
355 1689 471 1757 quidem,
488 1704 605 1757 quantum
620 1696 766 1756 permittitur
777 1697 837 1762 ipsi3

224 1770 273 1821 Sed
288 1771 401 1820 meminit
411 1769 517 1820 nostruin
528 1771 627 1832 virginis
640 1769 686 1817 esse
697 1785 787 1821 torum.

188 1851 244 1900 Jam
255 1864 353 1916 quoque
364 1849 443 1897 nescio
453 1844 513 1914 quid
524 1843 603 1896 deme
613 1845 708 1896 sensisse
718 1847 829 1909 videtur3

223 1928 290 1978 Nam
302 1927 414 1990 lacrymae
425 1925 496 1975 causi
506 1926 566 1990 saepe
576 1923 665 1975 latente
681 1925 781 1978 cadunt.

189 2005 222 2055 Et
233 2009 314 2055 minus
325 2002 434 2054 audatier
448 2001 587 2062 blanditur,
598 2007 623 2052 bc
637 2005 719 2054 oscula
730 2022 781 2057 rara

224 2086 334 2149 Accipit,
355 2087 380 2133 &
393 2079 480 2132 timido
492 2097 531 2130 me
543 2095 617 2131 vocat
629 2098 671 2131 ore
682 2085 757 2132 suam.
869 2140 872 2145 Ι

189 2162 244 2213 Nec
257 2166 334 2212 miror
343 2156 449 2214 sensisse,
469 2161 534 2208 notis
544 2157 599 2208 curn
610 2156 699 2224 prodar
712 2166 813 2225 apertist

224 2242 253 2289 ln
267 2240 380 2290 dextrum
389 2238 486 2298 versor,
497 2236 627 2287 cumvenit
637 2238 696 2298 ilie,
710 2239 779 2290 latus.

190 2317 243 2368 Nec
255 2318 360 2384 loquor,
377 2322 402 2367 bc
415 2319 476 2366 tedio
487 2315 613 2365 simulatur
623 2316 714 2366 lumine
725 2320 821 2370 somnus
828 2340 837 2386 3
897 2344 899 2349 ·

223 2397 371 2463 Captantem
384 2398 456 2444 casius
467 2397 597 2459 rejicioque
607 2411 716 2445 manum.

187 2476 296 2540 Ingemit
302 2508 311 2536 ‚
328 2479 353 2524 δι
364 2477 437 2524 tacito
449 2474 548 2537 suspirat
557 2475 651 2536 pedore
661 2492 668 2520 ε
678 2491 764 2540 meque

223 2552 364 2612 offensam,
376 2554 484 2618 quamvis
492 2565 543 2598 non
552 2565 687 2604 mereatur,
698 2553 778 2602 habet.

189 2633 238 2683 Hei
251 2632 324 2680 mihi!
342 2628 409 2696 quod
417 2626 518 2694 gaudes,
531 2631 556 2675 δι
569 2643 592 2675 te
602 2631 669 2693 juvat
679 2629 721 2678 ista
730 2630 850 2696 voluptas.

223 2710 270 2758 Hei
282 2710 356 2758 mihi!
368 2706 436 2774 quod
445 2708 522 2755 sensus
534 2707 584 2753 sum
600 2707 644 2754 tibi
656 2704 714 2755 fassa
726 2724 801 2759 meos.

189 2789 214 2837 Si
227 2789 287 2835 milri
303 2787 385 2850 lingua
397 2785 473 2842 fo'rtt3
486 2798 511 2832 tu
525 2783 605 2831 nostri
614 2783 696 2847 justius
708 2784 757 2847 ira,

223 2866 271 2926 Qui
283 2866 343 2913 mihi
356 2860 468 2912 tendebas
479 2863 555 2920 retia,
566 2858 652 2926 dignus
663 2877 721 2911 eras.

189 2946 294 3003 Scribis,
306 2959 333 2992 ut
343 2939 477 2990 invalidum
488 2938 559 2988 liceat
570 2940 614 2987 tibi
623 2941 697 2988 visere
708 2957 809 3009 corpus:

222 3022 253 3070 Es
267 3020 353 3086 procul
364 3035 378 3067 a
389 3019 473 3076 nobis,
490 3021 608 3067 &tamen
625 3015 682 3066 inde
697 3034 778 3072 noces.

187 3101 297 3151 Mirabar
307 3134 315 3159 ,
325 3113 399 3164 quare
410 3097 454 3144 tibi
469 3110 558 3143 nomen
567 3097 683 3144 Acontius
695 3094 768 3147 effeta

221 3175 296 3238 Quod
311 3178 384 3229 faciat
395 3172 466 3238 longi
480 3171 582 3234 vulnus,
598 3188 699 3224 acumen
712 3176 793 3227 habea.

222 3257 290 3307 Tam.
306 3257 332 3306 1.
759 3254 778 3301 F
