2367 3992
369 463 742 530 CourozArrn.
856 481 920 546 325

242 577 390 646 Templnque
402 585 512 632 Romano
520 580 687 647 conspicienda
697 581 761 630 foro.

209 654 290 716 Qurlm
302 675 375 722 parvo
388 677 499 710 numeros
510 661 620 725 implevit
630 661 741 724 principis
749 656 816 708 evo!
926 656 971 718 285

241 738 270 785 ln
281 742 381 802 patriam
397 742 486 788 rueriris
499 739 659 802 occubuitque
670 735 754 786 senex!

210 811 262 862 Nec
282 816 322 863 sua
334 818 479 880 conspiciet,
494 818 607 864 miserum
618 813 671 863 rue!
684 827 783 863 munera
792 809 898 859 Drusus:

237 891 294 941 ‘Nec
308 894 348 942 sua
359 911 401 958 pro
413 894 496 958 templi
508 896 607 942 nomina
618 892 698 941 fronte
708 890 780 954 leget.

210 968 277 1033 Saepe
292 969 379 1030 Nero,
399 972 565 1035 illacrymans,
578 969 692 1019 submissi
702 984 761 1017 voce
769 967 898 1032 loqueturs

244 1045 295 1096 Cur
306 1047 366 1098 adeo
376 1049 461 1099 fratres
472 1085 480 1108 ‚
498 1051 544 1097 heu
557 1052 606 1096 sine
616 1047 704 1105 fratre,
721 1044 800 1095 Deos?
927 1059 974 1103 ²90

210 1120 298 1173 Certus
319 1142 368 1174 eras
377 1142 526 1191 numquam,
537 1128 583 1174 nisi
594 1127 686 1183 vidior,
698 1123 790 1181 Druse,
803 1121 897 1172 reverti.

244 1201 301 1250 Haec
317 1217 339 1249 te
353 1201 483 1252 debuerant
494 1216 619 1266 tempora:
630 1203 705 1249 victor
715 1215 774 1248 eras.

209 1275 317 1326 Consule
332 1295 388 1333 nos,
402 1278 531 1337 ducenos,
543 1277 604 1327 duee
616 1283 664 1343 jam
676 1279 781 1331 visiore,
792 1291 913 1326 caremus:

243 1355 339 1407 Invenit
354 1374 383 1405 en
394 1357 446 1406 rori
455 1373 541 1406 maeror
551 1360 575 1406 in
588 1357 645 1405 urbe
655 1355 745 1404 locum.

209 1431 242 1480 At
254 1435 370 1482 comitum
384 1433 491 1499 squalent
500 1437 612 1482 immissis
621 1450 664 1482 ora
674 1432 765 1498 capillis
777 1449 787 1480 e
927 1455 971 1500 ²95

243 1501 348 1570 infelixq
361 1511 439 1561 Druso
450 1509 490 1561 sed
501 1515 539 1577 pia
551 1513 620 1560 turba
632 1513 684 1560 suo.

211 1584 320 1645 Quorum
333 1586 418 1654 aliquis
430 1623 438 1647 ‚
451 1586 549 1639 tendens
564 1591 590 1637 in
601 1604 625 1638 te
637 1590 677 1638 sua
689 1588 784 1638 brachia
792 1623 801 1649 ,
810 1587 885 1648 dixin

243 1663 294 1712 Cur
309 1668 359 1714 sine
375 1683 429 1725 me,
445 1683 487 1714 cur
499 1669 532 1715 sic
543 1668 698 1716 incomitatus
709 1668 779 1718 abis?

210 1739 276 1800 Quid
288 1741 387 1790 referam
401 1740 432 1791 de
442 1756 466 1792 te
476 1776 486 1799 ‚
497 1741 636 1806 dignissima
651 1746 753 1807 conjuge
765 1744 861 1799 Druso,

241 1820 319 1883 Atque
329 1818 412 1868 eadem
423 1819 495 1869 Drusi
505 1816 577 1884 digna
587 1834 684 1884 parente
695 1823 782 1868 nurus?
926 1835 975 1879 roo-

210 1896 255 1945 Par
268 1898 327 1946 bene
341 1901 503 1963 compositum
514 1915 520 1944 r
533 1902 647 1961 juvenum
659 1897 801 1949 fortissimus
809 1896 887 1958 alter,

240 1974 320 2023 Altera
335 1989 385 2025 tam
397 1974 454 2024 forti
470 1990 554 2024 mutua
565 1978 693 2026 curaviro.

209 2051 308 2101 Femina
319 2068 344 2101 tu
359 2057 483 2118 princeps,
496 2067 522 2102 ru
535 2051 586 2101 iilia
598 2051 711 2102 Cesaris:
724 2051 763 2102 illi

176 2138 179 2153 ¹
236 2110 295 2178 llec
306 2133 386 2179 minor
399 2147 424 2178 es
436 2133 518 2195 magni
530 2134 632 2196 conjuge
644 2132 693 2179 visa
705 2130 779 2180 lovis.

210 2206 248 2255 Tu
262 2205 382 2257 concellus
392 2224 473 2267 arnor,
484 2221 510 2256 tu
521 2208 584 2258 solus
599 2212 624 2256 δι
636 2208 735 2258 ultimus
743 2207 798 2258 illi:
926 2211 970 2256 305
1033 2224 1036 2236 ¹

243 2285 281 2333 Tu
295 2289 386 2351 requies
399 2282 459 2334 fesso
471 2300 537 2351 grata
548 2286 636 2334 laboris
649 2301 707 2336 etas.

207 2362 244 2412 Te
261 2367 381 2423 moriens,
399 2381 441 2430 per
456 2365 527 2414 verba
541 2366 689 2426 novissima,
703 2365 796 2430 questus
810 2360 906 2414 abesse:

239 2442 270 2491 Et
287 2459 354 2493 mota
366 2445 391 2490 in
405 2459 495 2492 nornen
506 2441 594 2507 frigida
604 2443 686 2507 lingua
697 2456 775 2492 tuum.

207 2517 293 2569 Infelix
304 2523 387 2584 recipis
395 2553 407 2577 ,
419 2537 468 2568 non
479 2536 551 2585 quem
563 2521 704 2584 promiserat
715 2521 764 2584 ipse
774 2537 782 2568 r

241 2596 292 2644 Nec
303 2601 345 2662 qui
356 2593 438 2645 missus
447 2613 510 2658 erar,
522 2614 566 2646 nec
580 2612 633 2646 tuus
648 2597 691 2646 ille
705 2595 775 2646 redit·
925 2601 972 2649 320

209 2671 261 2721 Nec
279 2674 323 2720 tibi
333 2670 425 2723 deletos
439 2678 528 2738 poterit
537 2691 631 2726 narrare
642 2675 801 2736 Sycambros,

241 2749 340 2798 Ensibus
357 2755 381 2799 bt
394 2754 482 2800 Suevos
497 2767 562 2817 terga
572 2749 662 2802 dedisse
674 2753 728 2801 suis.

208 2826 382 2893 fluminaque,
400 2833 424 2878 bt
437 2845 546 2888 montes,
558 2834 582 2879 &
594 2833 694 2879 nomina
702 2846 789 2896 magna
798 2829 920 2883 locorum:

241 2905 272 2954 Et
282 2909 301 2954 si
311 2905 369 2971 quid
379 2910 434 2955 miri
448 2905 509 2956 vidit
520 2911 545 2956 in
554 2908 612 2956 orbe
622 2924 697 2957 novo.

208 2981 316 3047 Frigidus
326 2983 368 3033 ille
380 2987 423 3032 ribi
435 3018 443 3042 ,
454 3001 586 3051 corpusque
599 2984 699 3035 refertur
712 2987 799 3036 inane:
906 2995 969 3049 k315

240 3061 366 3127 Quemque
379 3077 471 3125 premat
482 3066 531 3112 sine
542 3078 565 3112 te
577 3097 585 3122 ,
601 3064 710 3115 sternitur
720 3079 774 3112 eece
789 3079 864 3112 torus.

209 3137 264 3199 Qub
275 3142 379 3206 reperis,
394 3137 483 3189 laniate
494 3155 591 3201 comas,
606 3140 737 3207 similisque
749 3139 838 3191 surturi
849 3145 862 3192 l
