2367 3992
248 499 969 574 “amineum

276 677 620 754 EPISTOLA
667 676 946 753 TERTIA.

344 850 869 969 wittimirum.

240 969 358 1125 Qum
370 1063 425 1113 satis
435 1078 491 1130 apta
502 1065 561 1127 tibi,
573 1067 621 1131 jam
633 1064 705 1132 iusti,
717 1063 834 1130 Nympha
844 1061 967 1130 querenti,

281 1142 437 1201 Rescribam‚
448 1142 526 1192 fateor
536 1160 642 1210 quarere
652 1145 725 1193 verba
736 1159 846 1193 manum.

248 1220 360 1281 Quaerit,
370 1237 414 1270 nec
426 1222 526 1272 subeunt
538 1241 544 1272 ε
558 1223 630 1272 sentit
645 1225 686 1271 sue
697 1224 798 1271 crimina
809 1219 922 1272 tentum

282 1300 380 1350 Solvere
390 1317 443 1366 quae
454 1301 541 1361 sentit,
555 1316 605 1353 non
615 1303 671 1350 einit
682 1300 830 1350 alteramur.

216 1395 228 1446 ς
251 1378 275 1427 Si
286 1377 350 1428 levat
363 1381 409 1443 hoe
426 1381 488 1437 iras,
505 1381 557 1444 ipso
568 1395 607 1427 me
619 1377 713 1440 judice,
728 1376 843 1427 damnor.

270 1454 349 1516 ‚Quid
360 1456 432 1505 refert
444 1459 452 1504 i
464 1455 534 1505 causi
545 1470 570 1504 tu
582 1455 682 1505 meliore
692 1454 763 1504 cales.

248 1531 446 1598 Damnatumque
458 1533 517 1593 tibi,
530 1550 568 1582 me
579 1535 622 1581 sub
633 1535 673 1582 sua
683 1537 736 1598 jura
747 1529 852 1598 Cupido

284 1610 391 1657 Retrahit
406 1628 412 1657 :
427 1609 523 1658 alteriue
535 1613 568 1658 sic
582 1626 679 1676 quoque
693 1607 773 1675 prada
790 1611 884 1659 sumus.

247 1685 329 1735 Prima
344 1689 402 1734 meis
417 1702 442 1735 tu
458 1689 524 1751 prtia
539 1690 598 1737 toris
614 1707 620 1735 ι
634 1685 752 1754 faffusque
766 1690 892 1751 juventam

219 1780 250 1814 to
284 1765 319 1812 Te
334 1761 439 1829 primirm
453 1765 550 1830 recepti
562 1766 595 1815 est
609 1770 710 1830 conjuge
723 1766 802 1814 noster
816 1781 897 1813 amor.

249 1841 367 1893 Nondum
379 1858 458 1893 tantus
470 1859 534 1892 eram
546 1862 552 1891 ε
565 1860 615 1910 quo
625 1859 664 1892 me
675 1845 783 1908 genitore
794 1844 925 1909 fitpetbum

283 1923 385 1985 Arguis3
398 1923 444 1970 hoc
457 1919 569 1970 dominus
580 1936 637 1970 tunc
646 1918 783 1969 retinendus
794 1937 875 1969 eram:

251 1997 310 2047 Non
321 2016 366 2064 ego
374 1997 530 2064 Deiphobum
541 1999 678 2063 sperabam,
691 2012 732 2046 aut
743 1998 846 2049 HeEiora
857 1997 967 2053 fratrent,

284 2076 349 2126 Ctim
366 2079 443 2142 pastos
459 2093 570 2141 agerem,
587 2091 612 2126 te
626 2079 758 2126 eomitante
767 2110 776 2136 ,
792 2092 892 2140 gregesr

220 2172 247 2219 ις
257 2156 421 2221 Reginamque
433 2155 548 2204 Hecuben
558 2191 566 2216 ‚
578 2158 623 2203 nisi
634 2157 717 2204 matris
727 2157 845 2213 nomine,
856 2165 954 2201 notauit

282 2233 313 2281 Et
328 2233 405 2281 fueras
418 2232 455 2280 iili
469 2231 541 2296 digna
555 2249 650 2281 manete
663 2248 745 2282 nutus.

250 2308 297 2359 Sed
309 2327 358 2358 non
371 2309 403 2357 est
417 2312 515 2358 rationis
530 2326 615 2359 amor:
630 2326 653 2359 te
664 2310 778 2370 consule,
791 2310 917 2376 Nympha.

284 2387 348 2436 Laesa
363 2403 386 2436 et
398 2405 404 2434 r
418 2385 458 2436 sed
470 2386 549 2435 laesam
561 2389 642 2436 scribis
654 2405 732 2437 amare
744 2403 835 2438 tamen.

252 2463 364 2532 Ctimque
375 2480 458 2531 petant
468 2467 545 2526 Satyri
557 2467 694 2526 connubia,
710 2465 765 2515 etim
776 2482 817 2515 tua
830 2468 924 2524 Panest

221 2559 253 2594 ιο
286 2545 385 2608 Repuae
396 2560 488 2592 memor
500 2559 524 2591 es
534 2557 561 2591 tu
572 2558 652 2592 tamen
664 2560 737 2608 usque
748 2542 816 2592 facie.

251 2619 339 2680 Adde,
358 2619 424 2686 quod
437 2622 475 2668 hic
490 2619 545 2668 fatis
561 2635 630 2669 amor
645 2621 677 2668 est
691 2619 804 2686 adjutus,
818 2624 843 2671 &
854 2621 928 2671 illum

283 2700 381 2748 Praestia
392 2702 486 2749 venturi
500 2696 592 2749 viderat
606 2714 661 2748 ante
675 2701 750 2749 sotor.

250 2775 369 2828 Nondum
382 2774 535 2839 Tyndaridos
550 2782 639 2826 nomen
653 2780 713 2826 mihi
728 2775 821 2829 sederat
836 2793 914 2840 aure,

286 2854 337 2902 Nec
353 2857 440 2903 cecinit
452 2856 538 2920 Graios
551 2855 593 2905 illa
609 2871 694 2906 votare
707 2859 782 2906 vitos.

223 2949 248 2998 ²5
260 2932 349 2980 Omnia
362 2948 418 2981 vera
431 2931 497 2981 vides
509 2951 515 2982 e
529 2934 638 2998 superant
648 2951 701 2984 mea
712 2935 812 2985 vulnera
824 2931 919 2986 tannim
926 2949 937 2994 3

285 3008 367 3075 thue
383 3022 448 3057 tuam
464 3009 561 3073 supplex
574 3014 670 3075 poscere
687 3028 761 3079 cogor
775 3031 849 3080 opem

255 3088 290 3137 Te
303 3104 372 3152 penes
382 3087 506 3136 arbitrium
517 3088 602 3138 nostrae
613 3093 714 3156 vitaeque
725 3094 854 3158 necisqute

290 3166 381 3215 victuri
394 3168 444 3231 jam
456 3181 519 3214 nunc
533 3167 629 3231 pestota
643 3169 709 3218 sume
726 3169 780 3219 tibi.
