2367 3992
287 625 328 690 28
395 621 438 691 P.
467 623 651 689 Orruit
671 624 892 694 NAsours

284 744 380 795 Scilicet
388 759 415 793 ut
426 758 520 805 tauros,
531 747 565 792 ita
576 759 599 792 te
609 748 666 810 juga
676 744 736 793 ferre
747 749 842 811 co'e'git:

315 823 416 888 Quaque
428 821 490 871 feros
503 838 605 886 angues,
618 837 641 870 te
652 838 748 888 quoque
759 823 850 874 mulcet
860 842 916 890 ope.

281 899 349 950 Adde
359 936 367 961 ,
378 899 445 967 quod
453 901 537 950 ascribi
548 899 614 949 fariis
624 918 796 967 procerumque
806 907 901 970 tuisque

234 992 278 1028 100
313 981 341 1028 Se
353 978 435 1037 favet3
452 983 476 1028 81
488 978 560 1028 titulo
573 983 682 1043 conjugis
694 996 753 1028 uxor
763 982 837 1030 obest.

278 1061 357 1125 Atque
371 1056 456 1123 aliquis
466 1056 536 1105 Peliae
554 1053 584 1104 de
598 1057 704 1121 partibus
715 1061 765 1106 adia
776 1062 873 1108 venenis

310 1137 428 1202 Imputat:
440 1139 464 1184 uc
475 1134 610 1200 populum,
626 1138 667 1200 qui
682 1136 727 1184 sibi
741 1135 836 1198 credat,
847 1138 928 1189 habet.

276 1215 334 1264 Non
345 1215 395 1262 hac
406 1210 548 1272 AEsonides,
565 1211 606 1261 sed
617 1213 710 1261 Phasias
721 1213 815 1264 AE'e'tine

279 1296 283 1303 '
307 1292 384 1340 Aurea
394 1290 505 1352 Phryxdae
517 1305 582 1356 terga
593 1290 687 1340 revellit
695 1295 755 1341 ovis.

229 1368 332 1445 105Non
339 1371 425 1433 probat
435 1368 559 1418 Alcimede
569 1383 645 1418 maret
657 1384 715 1428 tua;
730 1371 827 1420 consule
839 1387 959 1426 matremt

306 1447 364 1497 Non
375 1462 460 1512 patet,
474 1465 488 1496 a
503 1445 584 1512 gelido
601 1450 639 1495 cui
650 1451 716 1496 venit
727 1464 768 1496 axe
778 1465 859 1499 nurus.

271 1525 317 1574 llla
327 1527 371 1574 sibi
382 1525 460 1575 ‘Patrai'
471 1527 621 1591 Scythiaeque
636 1523 761 1590 paludibus
773 1525 827 1576 udae

303 1605 416 1665 Quaerat,
436 1607 461 1652 &
472 1606 570 1668 apatria
581 1601 694 1652 Phasidos
706 1606 797 1668 usque,
809 1607 898 1655 vitum.

270 1681 370 1732 Mobilis
380 1680 510 1734 AEsonide,
523 1679 643 1745 vernique
658 1681 856 1742 incertiorem,

224 1785 268 1816 110
302 1759 353 1811 Cur
363 1774 403 1809 rua
415 1758 525 1823 pollicito
540 1755 646 1822 pondere
657 1758 729 1807 verba
741 1761 839 1807 carent?

269 1839 313 1888 Vir
324 1853 391 1886 meus
398 1839 454 1886 hinc
463 1838 536 1895 ieras,
548 1839 584 1884 vit
591 1851 642 1884 nou
651 1852 717 1884 meus
727 1834 783 1885 iude
791 1835 883 1887 redisti:

300 1919 350 1965 Sim
360 1913 453 1965 reducis
464 1918 565 1979 conjux,
578 1916 640 1962 sicut
651 1917 727 1962 euntis
738 1930 818 1963 eram*

267 1997 291 2043 Si
308 2009 329 2043 te
341 1993 453 2046 nobilitas
464 1994 623 2058 generosaque
634 1995 732 2041 nomina
743 2007 856 2058 tangunt,

300 2073 337 2122 En
353 2090 398 2138 ego
409 2073 496 2121 Minoo
507 2086 562 2120 nata
575 2071 686 2118 Thoante
699 2070 771 2118 feror.

221 2152 371 2217 115Bacchus
383 2167 453 2208 avus;
463 2150 549 2198 Bacchi
558 2151 646 2212 conjux
656 2145 767 2196 redimita
778 2147 867 2197 toroni
873 2184 883 2209 ,

298 2226 425 2279 Praeradiat
436 2227 506 2277 stellis
516 2230 582 2290 signa
591 2228 686 2273 minora
697 2227 750 2274 suis.

264 2307 316 2356 Dos
330 2307 374 2355 tibl
387 2306 489 2354 Lemnos
502 2307 561 2362 erit,
573 2318 634 2351 tetta
644 2305 766 2366 ingeniosa
777 2303 882 2353 colenti:

296 2384 339 2432 Me
350 2398 447 2448 quoque
459 2398 495 2430 res
511 2380 568 2429 tales
582 2381 647 2428 incer
659 2382 745 2428 habete
756 2396 833 2445 potes.

264 2463 335 2514 Nunc
352 2463 425 2509 etiam
440 2462 519 2524 peperi
530 2477 536 2506 :
547 2473 638 2523 gratare
650 2459 783 2517 ambobus,
795 2459 882 2508 Iasone

218 2569 261 2600 120
295 2537 372 2589 Dulce
384 2540 443 2598 mihi
456 2535 558 2603 grauidae
570 2536 658 2584 fecerat
669 2539 748 2584 austot
759 2553 829 2586 onus.

263 2619 281 2665 F
281 2617 327 2666 elix
338 2620 473 2668 innumero
483 2631 579 2681 quoque
589 2616 659 2673 sum3
671 2614 812 2681 prolemque
824 2618 954 2683 gemellam

294 2696 397 2760 Pignora
412 2693 503 2743 Lucini
520 2694 576 2741 bina
590 2691 684 2741 favente
699 2691 765 2744 dedi.

261 2776 285 2821 si
302 2775 403 2838 quatis,
420 2774 458 2819 cui
470 2773 517 2818 sinc
527 2769 616 2818 similes
628 2787 636 2827 3
647 2773 796 2834 cognosceris
807 2773 863 2823 illis.

293 2852 383 2901 Fallere
399 2867 448 2900 nou
458 2863 548 2899 norunt
559 2867 565 2895 ε
578 2862 656 2896 cetera
666 2853 738 2912 patris
748 2853 845 2901 habent.

215 2930 353 2994 125legaris
366 2944 426 2994 quos
437 2943 503 2992 paene
514 2924 569 2975 dedi
582 2942 626 2990 pro
644 2941 720 2976 matre
734 2927 860 2980 ferendos:

292 3005 338 3055 Sed
347 3009 425 3055 tenuit
437 3018 527 3070 coeptas
537 3005 598 3053 saeva
607 3020 710 3053 noverca
720 3008 779 3054 vias.

259 3083 371 3135 Mediam
382 3085 453 3132 timui
460 3101 467 3133 t
475 3081 528 3147 plus
538 3081 571 3130 est
581 3078 668 3130 Medea
677 3082 788 3132 noverci.

291 3158 383 3212 Media
394 3161 485 3210 faciunt
498 3158 528 3209 ad
543 3159 618 3208 scelus
634 3175 707 3212 omne
723 3177 816 3211 manus.

259 3243 370 3305 Spargere
381 3254 433 3306 quae
444 3237 522 3287 fratris
533 3239 613 3302 potuit
622 3236 711 3286 laniata
723 3255 764 3303 per
774 3256 842 3304 agros

213 3338 257 3384 ¹30
291 3316 416 3384 Corpora,
430 3316 570 3384 pignoribus
581 3328 688 3381 parceret
699 3316 743 3367 illa
755 3322 813 3367 meis
825 3324 835 3370 ³
