2367 3992
275 471 345 550 264
397 465 585 532 Ovrorr
620 463 860 532 NAsorsrs

305 586 381 651 {nque
394 586 486 651 plagam
498 585 566 634 nullo
577 601 658 634 cervus
669 600 752 648 agente
763 582 838 632 cadit.

273 661 339 723 Quid
356 668 434 712 minus
446 661 604 712 Andromeda
616 663 692 711 fuerat
702 664 794 726 sperare
805 663 915 713 revincta
922 652 936 723 ‚¹

223 761 272 810 430
307 742 387 802 Qualm
401 743 517 804 lacrymas
530 741 573 790 ulli
585 737 650 806 polle
661 741 753 805 placere
767 741 835 788 suasi

272 819 362 868 Funere
373 823 431 884 saepe
441 823 486 869 viri
497 823 533 869 vit
546 823 658 884 queritur
670 837 676 866 ι
688 815 731 866 ille
741 817 826 866 solutis

304 897 434 955 Crinibus,
450 901 474 946 δι
485 896 553 946 fletus
563 913 614 945 non
625 893 738 953 tenuill'e,
752 893 832 944 dccet.

269 971 316 1022 Sed
328 976 401 1022 vitate
412 978 474 1022 viros
486 974 578 1022 cultum
595 973 746 1038 formamque
757 970 892 1037 profestos,
959 998 961 1003 ·

303 1050 397 1116 Quique
409 1054 459 1100 suas
468 1067 561 1116 ponunt
572 1053 597 1099 in
606 1051 705 1098 statione
716 1067 807 1100 comas.

219 1133 248 1179 4³
256 1129 328 1189 5Quae
341 1130 408 1178 vobis
419 1127 516 1188 dicunt,
527 1127 638 1178 dixerunt
650 1128 718 1177 mille
728 1128 825 1193 puellis,

301 1206 387 1266 Errat,
403 1211 427 1256 ὃ(
444 1210 470 1256 in
485 1207 552 1256 nulla
564 1204 617 1255 sede
628 1222 736 1255 motatur
748 1223 828 1255 amor.

268 1284 367 1332 femina
378 1283 436 1350 quid
448 1284 535 1334 faciat?
552 1285 608 1333 crim
617 1287 648 1332 sit
657 1287 693 1332 vir
706 1283 788 1332 levior
798 1283 866 1348 ipsai3

301 1363 409 1412 Forsitan
421 1368 444 1412 δι
457 1365 534 1428 plures
544 1365 618 1428 possit
631 1363 717 1410 habere
725 1364 800 1410 viros.

268 1439 315 1488 Vix
327 1443 387 1488 mihi
401 1439 520 1498 credetis,
537 1439 578 1489 sed
590 1438 689 1489 credite.¹
707 1441 783 1506 Troja
796 1455 920 1503 maneret,

218 1527 267 1571 440
300 1518 424 1581 Praeceptis
435 1519 522 1566 Priami
537 1521 556 1566 si
571 1518 634 1566 foret
649 1519 689 1566 usa
699 1519 742 1565 sui.

268 1596 327 1642 Sunt
336 1598 378 1659 qui
390 1592 501 1643 mendaci
511 1597 588 1658 specie
599 1592 730 1659 gradentur
744 1597 853 1656 amoris,

298 1673 387 1738 Perque
398 1671 475 1722 aditus
488 1673 544 1722 tales
555 1672 620 1721 lucra
631 1671 742 1737 pudenda
752 1689 845 1737 petant.

265 1748 317 1798 Nec
335 1767 406 1799 coma
416 1767 458 1800 vos
478 1750 547 1800 fallat
560 1749 653 1816 liquidi
668 1748 813 1800 nitidissima
826 1751 917 1802 nardo:

297 1827 349 1876 Nec
364 1829 440 1877 brevis
457 1832 483 1876 in
496 1845 564 1892 rugas
576 1827 672 1891 cingula
688 1825 762 1892 prelia
773 1831 835 1877 suas.

216 1905 316 1961 445Nec
327 1922 384 1970 toga
395 1904 497 1971 decipiat
510 1905 553 1955 filo
564 1909 717 1954 tenuissimae
729 1922 773 1953 nec
787 1909 808 1954 si

296 1984 403 2032 Annulus
414 1988 439 2033 in
451 1983 530 2050 digitis
538 1983 597 2033 alter
609 1988 633 2033 δι
645 1983 705 2032 alter
715 1987 768 2032 erit.

263 2061 371 2112 Forsitan
383 2079 410 2110 ex
422 2065 507 2111 horum
519 2079 619 2111 numero
630 2061 775 2110 cultissimus
785 2061 829 2111 ille

295 2139 341 2187 Fur
356 2143 402 2199 sit,
420 2144 444 2189 dt
458 2156 537 2189 uratur
555 2141 623 2190 vestis
638 2157 719 2188 amore
731 2154 786 2188 tuae.

262 2213 344 2264 Redde
363 2214 459 2274 meum,
475 2218 581 2267 clamant
591 2217 697 2282 spoliate
707 2219 766 2282 sape
780 2218 884 2282 puellae:

213 2310 262 2356 450
296 2290 377 2342 Redde
392 2311 490 2353 meum,
508 2309 560 2343 toto
573 2312 632 2343 voce
650 2297 736 2344 boante
748 2295 813 2344 foro.

262 2371 328 2430 Has,
346 2372 425 2420 Venus
438 2406 446 2430 ,
463 2389 475 2420 e
491 2373 585 2436 templis
598 2407 605 2431 ‚
617 2372 696 2422 multo
712 2371 861 2425 radiantibus
872 2392 948 2437 auro,

294 2451 369 2500 lenta
382 2448 447 2500 vides
463 2450 531 2510 lites,
550 2449 714 2517 Appiadesque
729 2467 783 2500 tuae.

261 2531 321 2580 Sunt
333 2545 427 2595 quoque
437 2546 486 2578 non
496 2527 569 2578 dubii
580 2529 688 2594 quedam
700 2529 764 2578 mala
774 2535 876 2581 nomina
884 2532 961 2582 fami:

293 2609 404 2673 Decepta
415 2607 521 2657 amultis
536 2611 627 2656 crimen
639 2611 739 2656 amantis
751 2609 850 2657 habent.

211 2687 351 2754 455Discite
361 2689 390 2736 ab
404 2686 499 2735 alterius
510 2686 588 2735 vestris
601 2682 703 2734 timuiffe
714 2684 828 2750 querelis:

292 2768 366 2814 lanua
379 2765 459 2815 fallaci
471 2782 500 2814 ne
515 2767 546 2813 sit
557 2779 637 2830 aperta
648 2766 709 2812 viro.
735 2822 739 2827 .

259 2843 367 2901 Parcite,
384 2841 543 2907 Cecropides,
561 2845 649 2907 juranti
668 2840 763 2891 credere
779 2843 897 2893 Theseo:

291 2920 357 2978 Quos
371 2920 440 2984 faciet
456 2921 537 2977 testes,
551 2920 609 2968 fecit
621 2924 646 2968 ὃ(
662 2934 734 2978 ante,
750 2919 825 2968 Deos.

258 2996 289 3045 Et
299 2997 360 3054 tibi,
376 2996 554 3059 Demophoon,
566 2997 651 3045 Thesei
664 2999 768 3046 criminis
778 3001 862 3065 heres,

209 3077 257 3127 460
291 3071 400 3136 Phyllide
411 3071 523 3136 decepti,
534 3073 600 3122 nulla
611 3074 689 3122 relidia
700 3073 767 3124 fides.

258 3153 282 3200 Si
293 3153 351 3202 bene
361 3155 520 3217 promittant,
534 3150 637 3204 totidem
650 3155 784 3218 promittite
794 3154 890 3206 verbis:
973 3190 976 3196 -

948 3233 971 3283 si
