2367 3992
322 513 449 580 Lrnen
473 505 544 580 III.
570 508 738 576 Eri-:urar
762 469 828 574 XI.
874 531 940 593 199

245 657 666 732 u*-„„Qwffl.
889 679 922 716 ψ

391 818 648 882 ELEGIA
688 813 762 877 ΧΙ.

222 909 380 1032 Murra
395 981 484 1050 diuque
500 981 545 1033 tuli
561 1001 567 1032 =
582 984 648 1034 vitiis
661 982 776 1047 patientia
788 979 850 1029 viiia
865 977 907 1026 est.

250 1057 317 1109 Cede
333 1060 433 1126 fatigato
447 1064 556 1128 pedore,
573 1064 647 1126 turpis
659 1061 742 1108 Amor.

219 1138 312 1187 Scilicet
323 1136 408 1189 afferui
418 1144 467 1206 jam
478 1158 534 1200 nre,
547 1139 646 1204 fugique
658 1154 765 1186 catenas:

247 1216 277 1264 Et
286 1233 339 1281 quae
353 1215 469 1282 depuduit
479 1218 554 1278 ferre,
566 1209 647 1266 ruliffe
655 1213 737 1281 pudet.

216 1294 341 1354 Vicimus3
357 1298 381 1344 &
394 1292 515 1346 domitum
527 1293 626 1361 pedibus
636 1293 755 1343 calcamus
766 1292 889 1343 Amorem.
953 1313 963 1356 ς

244 1374 369 1424 Venerunt
383 1377 456 1439 capiti
472 1391 561 1425 cornua
572 1376 623 1424 sera
635 1391 700 1423 meo.
765 1375 768 1385 '

212 1450 291 1501 Perfer
305 1456 330 1501 bc
342 1453 452 1504 obdura:
467 1452 539 1504 dolor
552 1455 591 1502 hic
606 1453 650 1502 tibi
660 1449 769 1519 proderit
779 1450 849 1501 olim.

242 1533 307 1597 Saepe
315 1533 371 1582 tulit
383 1533 446 1583 lassis
462 1535 544 1583 succus
555 1543 647 1582 amarus
657 1548 738 1598 opem.

210 1607 273 1675 Ergo
284 1628 328 1676 ego
339 1613 453 1673 sustinui,
469 1611 561 1661 foribus
572 1627 623 1661 tarn
635 1612 694 1678 saepe
709 1609 842 1676 repulsus,-

240 1688 372 1754 Ingenuum
385 1690 445 1741 dura
457 1708 545 1756 ponere
558 1706 643 1755 corpus
655 1692 740 1739 humo.
950 1711 980 1742 ιο

208 1764 270 1830 Ergo
284 1784 329 1833 ego
339 1771 419 1818 nescio
430 1773 484 1828 cui,
501 1785 573 1835 quem
582 1782 608 1816 tu
616 1766 742 1834 complexa
753 1765 867 1824 tenebas,

238 1843 345 1894 Excubui
362 1847 481 1906 clausam,
500 1848 579 1895 servus
592 1861 635 1905 ut,
650 1862 704 1895 ante
717 1842 828 1894 domurn.

206 1921 279 1985 Vidi,
291 1923 347 1973 curn
364 1925 455 1975 foribus
467 1921 537 1974 laffus
548 1921 657 1990 prodiret
667 1937 778 1980 amaror,

236 1999 372 2051 Invalidum
389 2002 493 2051 referens
511 2004 685 2067 emeritumque
697 2000 767 2050 latus.

203 2077 255 2128 Hoc
268 2095 350 2130 tamen
365 2079 398 2129 cst
407 2080 499 2141 levius,
514 2078 588 2146 qudrn
599 2078 666 2147 quod
676 2081 728 2128 sum
738 2079 801 2129 visus
811 2079 840 2128 ab
851 2075 895 2128 illo
909 2096 914 2127 τ
946 2089 970 2134 ¹5

232 2157 333 2209 Eveniat
348 2158 433 2207 nostris
448 2157 553 2208 ho'stibus
565 2158 609 2208 ille
622 2157 709 2226 pudor.

201 2235 304 2298 Quando
317 2255 363 2304 ego
375 2254 424 2286 non
436 2235 495 2286 fixus
507 2237 575 2288 lateri
585 2239 707 2305 spatiantis
715 2235 821 2290 adhaesi?

230 2316 281 2381 Ipse
292 2333 345 2366 tuus
363 2317 454 2378 custos,
466 2319 514 2384 ipse
526 2322 562 2369 vir
572 2353 580 2378 ,
592 2322 642 2384 ipse
653 2336 743 2370 comes.

198 2395 295 2445 Scilicet
306 2399 331 2444 δι
343 2396 434 2462 populo
446 2413 487 2462 per
499 2414 538 2446 me
549 2414 643 2449 cantata
653 2399 762 2466 placebas
775 2418 782 2448 r

229 2472 309 2524 Causa
325 2475 372 2524 fuit
382 2476 465 2526 multis
475 2477 553 2527 noster
564 2483 737 2530 amorisamor.
785 2496 787 2501 ·
922 2503 967 2540 ‘20

197 2549 287 2616 Turpia
297 2551 355 2618 quid
367 2554 468 2603 referam
478 2572 545 2604 vanae
557 2555 682 2605 mendacia
692 2558 793 2624 linguae?

226 2628 257 2678 Et
271 2635 402 2696 perJuratos
419 2637 443 2682 in
457 2651 511 2682 nrea
522 2631 610 2683 damna
620 2634 704 2685 Deos?
767 2660 769 2665 ·

193 2707 258 2768 Quid
270 2711 384 2774 juvenum
396 2715 482 2761 tacitos
493 2715 555 2761 inter
568 2716 679 2763 convivia
694 2719 784 2765 nutus?

224 2786 350 2854 Verbaque
365 2794 506 2856 compositis
523 2789 672 2842 dissimulata
686 2797 771 2844 noris?

188 2864 260 2915 Dicta
279 2883 329 2917 erat
340 2885 402 2933 aegra
412 2873 487 2919 mihi:
499 2887 603 2938 praeceps
611 2889 739 2940 amensque
750 2881 851 2927 cucurri.
931 2881 958 2925 25

221 2944 284 2995 Veni
294 2964 301 3006 3
320 2949 344 2995 δι
359 2947 428 2997 rivali
438 2966 488 2999 non
499 2966 550 3000 erat
560 2967 622 3017 aegra
632 2968 697 3002 rneo.

188 3022 246 3083 His,
261 3027 285 3073 &
302 3041 355 3091 quae
367 3041 449 3086 taceo,
464 3026 547 3080 duravi
559 3032 619 3096 saepe
631 3030 742 3083 ferendis.

219 3101 305 3162 Quaere
320 3103 409 3164 alium,
423 3121 466 3168 pro
476 3123 516 3154 me
528 3111 568 3173 qui
585 3125 656 3173 queat
665 3111 708 3159 ista
724 3113 782 3175 pati.

188 3178 240 3230 iam
248 3197 302 3232 mea
308 3216 318 3244 ‚
326 3181 409 3236 votivi
418 3186 503 3252 puppis
511 3184 621 3238 redimita
633 3187 739 3248 coroni,

758 3266 814 3318 ire
