2367 3992
156 532 159 537 .
260 471 793 569 Hrrornns.Er.XV111.
846 495 889 556 97

172 597 284 658 lnrmea,
299 598 360 648 dnm
370 601 454 647 cunda
463 612 567 662 negant,
580 599 694 662 ventique
710 595 863 660 fretumque,

208 677 294 726 Meme
303 681 370 743 agito
381 677 554 742 furtitempora
563 679 640 741 prima
651 679 709 724 mei.

173 753 234 804 Nor
245 771 295 805 erat
306 758 439 821 incipiens,
452 772 555 821 namque
567 755 599 804 est
609 749 744 804 meminisse
755 750 881 816 voluptas,
918 758 944 804 55

209 833 277 884 cnm
291 835 388 884 foribus.
394 837 475 900 patriis
485 832 621 900 egrediebar
631 849 721 882 amans.

175 912 231 963 Nec
241 917 311 962 mori
318 931 324 961 t
331 912 440 978 deposito
449 915 535 977 pariter
545 912 669 962 cumveste
679 915 782 970 timore,
850 956 852 960 .

211 991 334 1041 lactabam
347 989 442 1057 liquido
452 992 547 1056 brachia
558 990 622 1040 lenta
632 994 702 1039 mari.

177 1069 248 1119 Luna
258 1068 307 1118 fere
318 1069 449 1118 tremulum
463 1071 582 1134 prebebat
592 1069 675 1119 lumen
685 1069 768 1128 eunti,

213 1146 248 1196 Ut
262 1164 348 1197 comes¹
356 1153 382 1200 in
391 1148 480 1196 nostras
491 1145 599 1198 officiosa
609 1151 667 1198 vias.

179 1225 250 1276 Hanc
263 1242 308 1288 ego
316 1227 458 1290 suspiciens,
473 1226 560 1290 faveas
570 1258 578 1287 ,
590 1226 643 1275 Dea
654 1223 767 1284 candide,
778 1221 845 1290 diri3

215 1302 247 1352 Et
257 1305 356 1352 subeant
370 1307 451 1352 animo
462 1304 555 1353 Latmia
564 1306 618 1353 saxa
629 1318 682 1354 tuo.

181 1381 242 1432 Non
253 1385 314 1432 sinat
324 1380 463 1446 Endymion
478 1398 501 1432 te
512 1385 613 1447 pedioris
624 1380 670 1432 else
682 1382 771 1442 severl}

217 1461 294 1510 Fleste
306 1493 314 1520 ,
326 1477 427 1526 precor,
439 1461 519 1512 vultus
529 1459 560 1512 nd
570 1477 624 1510 mea
634 1447 698 1513 lurta
709 1475 772 1510 tuos.

184 1539 224 1588 Tu
236 1574 243 1596 ‚
266 1538 335 1598 Dea,
353 1539 481 1589 mortalem
493 1539 558 1589 coelo
567 1537 667 1604 delapsa
679 1538 790 1606 petebnrr

218 1617 282 1666 Vera
292 1616 361 1683 loqui
372 1618 455 1677 liceat3
468 1635 540 1684 quam
552 1621 637 1685 sequor
649 1652 657 1678 ‚
673 1621 722 1685 ipsa
732 1617 784 1666 Dea
797 1614 839 1665 est.

183 1694 240 1744 Neu
250 1695 352 1744 referam
363 1712 440 1744 mores
453 1696 542 1745 coelesti
552 1701 646 1763 pedore
657 1696 759 1762 dignos,

218 1775 307 1823 forma
320 1777 366 1824 nisi
376 1777 476 1824 invetas
487 1791 537 1824 non
548 1774 742 1839 caditillaDeas.

171 1845 174 1848 ’
184 1855 206 1903 Α
218 1853 317 1903 Veneris
330 1853 390 1902 facie
397 1870 447 1902 non
458 1854 490 1902 est
500 1857 565 1919 prior
573 1853 624 1904 nlla
632 1853 734 1919 tuaique:

218 1932 288 1982 Neve
300 1929 447 1981 meiscredas
458 1933 571 1992 vocibus,
583 1935 632 1998 ipsa
641 1930 717 1982 vides.

159 2071 161 2075 .
186 2011 304 2072 Quanto,
317 2011 372 2060 crim
384 2010 460 2076 fulges
471 2009 542 2060 radiis
553 2026 664 2076 argentea
675 2012 753 2076 puris,

220 2087 369 2139 Concedunt
382 2087 485 2138 flammis
499 2087 576 2138 sidera
586 2093 668 2138 cundia
679 2093 741 2147 tuis3

184 2166 271 2217 Tanto
283 2167 394 2216 formosis
400 2163 534 2217 'formosior
546 2170 657 2217 omnibns
668 2167 711 2218 illa
720 2167 767 2219 este

222 2248 247 2295 Si
255 2244 349 2295 dubitas
359 2281 367 2307 ,
376 2264 482 2307 caecnm,
499 2247 622 2310 Cynthia,
633 2247 716 2296 lumen
727 2247 808 2296 habes.

187 2327 250 2376 Haec
266 2341 326 2390 ego,
337 2325 376 2375 vel
387 2323 449 2375 certe
458 2328 554 2375 nonhis
563 2325 671 2386 diversa,
683 2326 777 2376 locutus

223 2405 268 2453 Per
279 2406 338 2453 mihi
350 2402 459 2454 cedentes
470 2407 539 2454 nodie
556 2404 648 2454 ferebar
658 2421 738 2471 aquas.

186 2482 263 2534 Unda
278 2479 413 2550 repercuffae
424 2481 532 2534 radiabat
541 2486 645 2549 imagine
656 2484 746 2542 Lunx,

224 2562 257 2611 Et
273 2565 338 2611 nitor
353 2565 378 2610 in
389 2565 461 2611 tacita
472 2565 540 2612 nolle
552 2561 649 2610 diurnus
661 2575 722 2610 erat:

189 2630 313 2708 Nullaque
323 2658 370 2692 vox
381 2642 484 2700 nostras,
497 2641 591 2690 nullum
602 2641 728 2699 veniebat,
740 2636 862 2698 adnotes,
958 2662 961 2668 ·

223 2720 311 2768 Praeter
323 2717 423 2769 dimotae
432 2736 547 2784 corpore,
560 2734 682 2778 murmur,
694 2733 770 2784 aquae.

189 2798 311 2860 Alcyones
327 2798 384 2847 solae
398 2814 516 2847 memores
525 2797 613 2860 Ceycis
621 2800 712 2855 amati,

223 2875 313 2925 Nescio
325 2874 386 2942 qnid
399 2878 453 2925 visae
466 2879 520 2927 sunt
531 2879 591 2925 mihi
605 2875 675 2926 dulce
687 2877 763 2942 queri.
886 2937 888 2940 .

189 2955 292 3022 Jamque
308 2956 413 3020 fatigatis
424 2957 524 3005 humero
535 2957 577 3004 snb
588 2969 690 3021 utroque
700 2956 809 3017 lacertis,

223 3035 328 3083 Fortiter
337 3036 363 3083 in
373 3035 476 3082 summas
486 3037 563 3100 erigor
570 3033 631 3083 altus
642 3050 722 3101 aquas.
829 3083 833 3087 ,

189 3113 227 3162 Ur
239 3111 323 3181 procul
335 3114 413 3177 aspexi
424 3111 522 3166 lumen,
534 3113 603 3162 Meus
613 3117 674 3179 ignis
685 3118 710 3162 in
721 3114 765 3164 illo
779 3114 829 3163 est:

225 3190 272 3238 illa
283 3205 366 3239 meum
377 3224 386 3253 ,
401 3189 467 3246 dixi,
486 3189 557 3240 litora
567 3204 656 3242 numen
666 3193 764 3241 habent.

227 3269 297 3317 Tom.
317 3269 340 3317 I.
753 3315 755 3318 ,
779 3269 799 3316 E
