2367 3992
231 473 307 572 viij,
354 476 396 549 P.
429 477 873 574 OVIDJJ'NASONJS

232 620 323 680 quot,
343 622 420 662 carus
436 601 562 663 Tonaitis
581 605 630 685 qui
646 601 754 685 ipsum,
773 604 997 685 quibuscumque

232 682 315 742 rebus
329 701 497 762 potuerunt,
515 705 668 756 ornarunt,
683 705 714 745 ut
728 695 881 767 elegentes,
896 686 996 763 proxi‘

232 782 296 822 mae.
313 763 439 826 Decessit
454 784 548 825 autern
563 789 638 826 anno
652 769 741 827 aetatis
757 789 806 826 rx.
820 767 908 825 exsilii
923 785 998 824 vrrr.

234 843 343 905 Chrilli
360 846 427 906 verb
446 867 529 907 xvir.
544 849 637 908 Uxori
653 847 818 919 mandabat,
833 867 863 906 ut
881 845 923 906 sui
942 846 998 904 de-

232 922 325 986 funffi
342 925 398 988 olla
417 929 541 988 Romam
560 928 704 989 referenda
722 949 847 997 curaret,
864 931 933 1005 &in
948 925 999 986 suo

232 1005 395 1069 suburbano
406 1007 467 1069 solo
480 1010 648 1083 condenda,
662 1033 726 1071 curn
737 1008 825 1071 hocce
837 1005 1001 1091 epitaphio,

233 1089 313 1170 quod
327 1091 379 1152 sibi
396 1091 454 1172 ipse
471 1091 583 1153 fecerat.

282 1195 330 1246 Hic
345 1215 390 1262 ego
404 1201 446 1264 qui
462 1203 548 1263 jaceo,
564 1213 701 1248 tenerorum
718 1199 782 1249 lusor
793 1199 929 1260 Amorum,

315 1263 414 1328 Ingenio
428 1267 487 1330 perii
503 1264 567 1314 Naso
583 1270 654 1329 po'e'ta
668 1282 733 1313 meo.

281 1326 315 1377 At
332 1333 349 1376 ti
355 1331 377 1376 bi
388 1363 396 1388 ,
408 1333 449 1394 qui
465 1332 547 1378 transis
559 1364 567 1387 ,
580 1347 609 1378 ne
621 1334 651 1377 sit
664 1345 734 1394 grave
746 1363 753 1387 ,
766 1331 872 1394 quisquis
884 1329 986 1388 amasti,

315 1390 419 1449 Dicere,
439 1394 540 1444 Nasonis
555 1394 662 1443 molliter
677 1391 727 1443 olla
741 1396 838 1442 cubent.

275 1485 450 1564 Qooorenrt
467 1484 551 1546 fuerit
567 1486 738 1545 eruditorum
756 1485 789 1545 de
803 1485 912 1545 Ovidio
926 1485 1002 1564 judi·

233 1570 329 1640 cium,
343 1567 408 1629 satis
419 1570 544 1649 loquitur
556 1566 732 1628 consentiens
745 1587 787 1625 tot
799 1565 954 1626 seculorum
968 1569 1004 1628 de

232 1647 350 1710 summo
365 1669 430 1708 vate
444 1649 530 1710 fama.
543 1650 644 1710 Unum
658 1652 687 1708 in
705 1670 739 1706 eo
754 1648 836 1707 multi
851 1646 1002 1730 reprehen-

235 1729 324 1802 dunt,
336 1731 414 1814 quod
425 1733 512 1791 nimis
522 1728 684 1814 ingeniosus
694 1729 847 1810 aliquando
858 1732 893 1793 sit
905 1753 912 1787 :
923 1731 1004 1812 quod

233 1813 338 1872 vitium
359 1810 427 1873 sane
447 1834 600 1893 paucorum
621 1811 667 1871 est.
692 1812 768 1872 Eum
791 1811 1004 1887 Quinetilianus

233 1892 328 1954 multo
342 1893 559 1975 praestantiorem
574 1894 699 1955 futurum
713 1889 792 1952 fuiile
803 1893 907 1965 tradit,
922 1895 945 1953 ti
958 1896 1005 1954 in-

233 1977 323 2117 ferno
345 1973 395 2036 suo
413 1997 567 2057 temperare
587 1974 673 2058 quim
696 1975 839 2056 indulgere
855 1972 1003 2036 maluisset.

251 2057 319 2117 llam
338 2078 433 2118 tamen
453 2062 484 2118 in
504 2056 650 2117 scribendo
670 2056 747 2140 negli
769 2057 875 2115 entiam
892 2054 1005 2117 solebat

234 2140 246 2197 i
267 2137 295 2198 se
317 2138 466 2211 excusare,
485 2161 573 2220 quum
593 2140 717 2207 ‹li-cerer,
741 2077 931 2198 ‹iiecentiorenr
950 2136 1005 2198 elle

198 2260 211 2265 ›-
234 2160 358 2292 licien,
376 2224 405 2280 in
424 2243 481 2302 qua
496 2242 589 2281 navus
608 2221 709 2301 aliquis
727 2215 847 2278 inesset*

275 2303 369 2364 ertnr
383 2307 440 2382 ejus
450 2301 605 2382 superstites
619 2299 681 2360 sunt
691 2299 850 2370 Heroides,
861 2300 1005 2362 Amorum

233 2383 299 2443 libri
313 2404 385 2456 tres,
400 2383 435 2445 de
444 2385 512 2443 Arte
525 2384 652 2443 Amandi
664 2383 730 2442 libri
740 2381 860 2441 totidem
871 2427 881 2453 ‚
893 2381 1004 2442 Reme·

234 2465 347 2526 diorum
361 2467 477 2526 Amoris
490 2466 559 2525 liber
573 2466 740 2549 singularis,
752 2464 947 2524 Medicamrna
960 2463 1007 2525 fa·

234 2550 288 2607 ciei
299 2594 309 2620 ,
320 2547 505 2608 Halieuticon
517 2593 526 2619 ,
539 2547 624 2619 Nux,
637 2547 673 2606 ad
685 2547 799 2606 Liviam
813 2542 1003 2618 Consolatio,

231 2627 510 2711 Metamorphoseon
529 2629 594 2689 libri
618 2650 679 2687 xv.
701 2627 846 2687 Fastorum
865 2626 930 2687 libri
953 2648 1004 2688 vr.

234 2709 373 2773 Tristium
389 2712 454 2772 libri
476 2733 506 2772 v.
523 2706 714 2792 Epistolarum
731 2730 746 2768 e
760 2710 855 2769 Ponto
872 2707 936 2767 libri
957 2729 1006 2770 ιν.

232 2790 316 2866 Ibis,
333 2814 416 2875 atque
434 2795 543 2876 aliquot
560 2790 740 2876 Fragmenta.

277 2875 300 2936 l.
314 2876 486 2936 Hrrtorors
506 2876 635 2935 dicuntur
654 2872 773 2954 epistolae
788 2870 952 2932 Heroidum
969 2870 1007 2932 ad

232 2956 364 3028 Heroas,
375 2958 462 3041 elegis
471 2958 611 3027 versibus,
622 2954 735 3015 summo
747 2955 882 3036 ingenio,
894 2952 1009 3013 summi

231 3032 1008 3120 arte,&incomparabilieloquentiiconscriptae,adeb
1044 3044 1047 3050 ’

231 3140 263 3182 ut
282 3119 356 3182 nihil
367 3119 520 3182 absolutius
534 3124 565 3180 in
584 3142 619 3180 eo
634 3139 733 3204 genere
747 3115 853 3179 sollerti
866 3126 894 3176 &
906 3117 1006 3196 erudi-

232 3221 293 3273 to,
310 3201 388 3285 quod
399 3202 521 3266 Ovidius
532 3201 590 3285 ipse
603 3203 708 3284 primus
719 3199 826 3263 itrvenit
837 3243 847 3272 ,
857 3194 933 3280 polle
943 3196 1006 3259 lieri
