2367 3992
299 503 425 574 iruna
464 505 515 574 II.
546 505 714 572 Eanum
743 505 788 574 X.
848 513 913 591 163

235 627 309 677 frena
319 641 494 688 retentantem,
507 625 589 678 durior
600 631 649 677 oris
660 644 733 693 equus
744 646 751 676 e
935 636 969 686 30

199 704 237 754 Ut
248 706 352 760 subitus,
363 722 437 770 prope
447 711 496 772 jam
506 705 589 772 prensi
602 707 703 766 tellure,
715 709 822 756 carinam

233 784 382 848 Tangentem
394 799 476 849 portus
486 799 570 835 ventus
581 788 606 833 in
617 785 665 833 alta
675 787 753 849 rapit:

198 863 239 911 Sic
251 878 290 909 me
301 864 359 926 sarpe
373 862 445 911 refert
456 865 546 911 incerta
556 860 684 927 Cupidinis
695 878 750 910 aura
757 878 767 920 ς

232 939 345 1005 Notaque
356 955 484 1004 purpureus
494 941 541 989 tela
551 941 651 989 resumit
663 940 747 991 Amor.

198 1017 269 1082 fige,
289 1033 360 1082 puers
370 1021 452 1082 positis
463 1016 540 1067 nudus
552 1020 596 1067 tibi
607 1019 714 1083 praebeor
727 1016 807 1066 armis.
936 1013 966 1061 il

232 1092 280 1144 llic
291 1095 335 1144 tibi
348 1097 395 1144 sint
404 1098 465 1146 vites
474 1114 480 1144 ε
489 1094 530 1145 hic
541 1110 582 1144 tua
591 1094 673 1145 dextra
684 1094 750 1144 facit.

198 1173 268 1233 lluc,
279 1186 405 1240 tamquam
418 1171 498 1239 juffae,
508 1174 610 1223 veniunt
620 1171 650 1221 de
659 1189 726 1222 more
735 1173 847 1238 sagittae

231 1250 278 1299 Vix
290 1251 339 1302 illis
350 1268 398 1316 prae
406 1267 445 1302 me
454 1265 513 1300 nota
522 1253 631 1316 pharetra
638 1251 678 1301 fua
689 1251 730 1301 est,

196 1319 301 1388 Infelix,
318 1328 371 1378 toti
385 1333 530 1395 quicumque
542 1329 662 1394 quiescere
675 1331 744 1378 nocte

232 1406 350 1467 Sustinet,
365 1411 390 1456 dt
401 1409 498 1456 somnos
509 1409 607 1470 praemia
621 1422 709 1470 magna
718 1417 799 1467 vocat.
934 1414 966 1463 4)

196 1483 275 1533 Stulte
285 1519 295 1546 ,
310 1483 370 1551 quid
382 1485 415 1534 est
425 1488 538 1546 somnus,
551 1483 637 1550 gelidae
647 1487 694 1532 nisi
703 1487 791 1534 mortis
800 1485 881 1552 imago
892 1488 900 1534 Ξ

229 1561 314 1627 Longa
329 1561 464 1629 quiescendi
481 1576 590 1628 tem-pora
606 1562 654 1612 fata
667 1561 772 1614 dabunt.

194 1639 240 1688 Me
251 1640 329 1690 modo
340 1639 460 1706 decipiant
468 1658 538 1691 voces
547 1640 639 1692 fallacis
650 1643 731 1693 amicae
742 1659 751 1691 r

230 1716 351 1782 Sperando
368 1717 548 1786 tenegaudia,
562 1718 630 1767 laetus
648 1735 701 1769 ero.

194 1795 230 1846 Et
239 1795 315 1846 modd
328 1795 546 1855 blanditiasque,
557 1794 634 1845 modd
647 1797 723 1860 jurgia
733 1799 819 1846 nodat.
933 1798 965 1844 ‘tl

231 1875 295 1939 Saepe
307 1875 371 1924 fruar
382 1873 483 1924 domini
494 1893 500 1923 ι
515 1875 576 1940 saepe
587 1872 692 1936 repulsus
703 1890 765 1921 eam,

196 1949 272 2012 Quod
287 1950 373 2001 dubius
384 1953 449 2002 Mars
461 1951 507 2010 eli,
520 1967 560 2015 per
571 1965 612 2009 te,
621 1953 729 2015 privigne
742 1948 856 2018 Cupido,
869 1949 915 2002 est:

229 2027 261 2076 Et
271 2044 355 2079 movet
370 2030 481 2092 exemplo
491 2028 589 2078 vitricus
601 2044 667 2075 atina
677 2042 732 2078 tuo.

195 2104 237 2156 Tu
247 2106 304 2156 levis
313 2124 337 2156 es
347 2107 479 2172 multoque
487 2108 532 2154 ruis
540 2108 663 2155 ventosior
673 2106 716 2155 alis
725 2124 734 2154 t

230 2183 372 2250 Gaudiaque
383 2182 495 2247 ambigui
505 2181 595 2251 dasque
606 2200 724 2250 negasque
736 2182 794 2237 fide.
934 2186 965 2236 50

194 2263 221 2313 Si
233 2277 313 2312 tamen
325 2260 422 2310 exaudis
429 2296 439 2321 ,
449 2260 548 2326 pulchra
554 2278 610 2311 curn
622 2261 719 2323 Matre,
731 2277 855 2329 rogantem
862 2282 871 2325 3

230 2339 350 2390 Indeserta
360 2357 418 2390 meo
426 2343 520 2406 pedore
530 2356 602 2407 regna
613 2355 676 2392 tene.

194 2417 322 2472 Accedant
333 2436 423 2485 regno,
439 2417 540 2468 nimium
552 2416 614 2485 v'aga
625 2420 694 2469 turba
704 2453 714 2480 ‚
723 2419 822 2485 puellae.

229 2498 352 2548 Ambobus
364 2498 461 2566 populis
470 2501 503 2549 sic
514 2496 661 2551 venerandus
672 2500 728 2548 eris.

217 2617 898 2690 *sp—naamam

389 2760 644 2827 ELEGIA
684 2756 725 2825 X,

197 2853 278 2975 Tu
295 2925 357 2975 mihi
369 2961 377 2985 ‚
393 2938 418 2974 tu
431 2938 509 2984 certe,
520 2923 640 2982 memini,
652 2921 775 2983 Graecine,
786 2923 905 2990 negabas,

229 3001 287 3052 Uno
302 3002 370 3071 polle
380 3003 484 3068 aliquem
495 3018 603 3070 ternpore
613 3019 691 3051 amare
702 2999 768 3052 duas.

197 3081 242 3132 Per
258 3077 281 3128 t'e
295 3097 340 3146 ego
352 3078 469 3144 decipior:
482 3098 523 3146 per
536 3097 558 3131 re
569 3081 695 3146 deprensus
706 3083 801 3133 inermis
812 3113 825 3144 ,

230 3158 293 3216 Ecce
307 3157 365 3215 duas
381 3175 430 3216 uno
445 3173 552 3230 tempore
568 3162 642 3232 turpis
652 3175 717 3215 anto,
