2367 3992
351 521 614 586 Heiorum.
637 515 710 580 Er.
737 515 828 581 XII.
905 536 942 602 ς,

226 639 294 701 Quid
305 656 365 705 puer
375 637 487 699 admisit,
499 653 549 687 tam
561 641 640 702 paucis
651 635 728 685 editus
737 637 817 685 horis?

260 719 318 778 Quo
331 718 391 767 laesir
402 719 477 771 salio,
488 720 528 768 vix
540 718 693 774 benenatus,
705 716 792 764 avum?

224 798 249 845 Si
262 798 344 861 potuit
354 793 464 845 meruilie
475 812 574 854 necem,
589 786 699 842 meruille
714 806 819 856 putetur.

259 877 296 922 Ah
307 875 315 922 l
332 876 403 923 miser
414 871 516 922 admilso
528 873 638 936 pleffirur
648 871 690 919 ille
702 887 767 919 meo.
948 884 994 920 rro

223 950 287 1001 Nate
299 951 372 1001 dolor
385 956 482 1010 matris,
494 949 629 1016 rapidarum
639 948 717 1014 praeda
727 949 845 1006 ferarum,

255 1030 303 1079 Hei
314 1031 390 1080 mihil
402 1031 477 1080 natali
491 1029 618 1079 dilacerate
627 1041 670 1078 tuo
679 1047 685 1077 r

221 1107 302 1167 Nate,
318 1125 405 1173 pamm
418 1108 487 1167 fausti
504 1106 637 1156 miserabile
652 1109 855 1172 pignoramur,

254 1187 312 1235 Haec
326 1187 369 1235 tibi
382 1190 459 1251 prima
472 1184 536 1244 dier,
554 1187 605 1233 haec
623 1186 666 1234 tibi
679 1188 771 1234 summa
786 1187 840 1234 fuir.

220 1262 279 1311 Non
291 1267 352 1312 mihi
364 1279 387 1312 te
401 1265 470 1312 licuit
484 1264 597 1324 lacrymis
609 1262 750 1328 perfundere
760 1264 840 1328 iustis:
943 1279 984 1326 ¹¹5

253 1341 282 1388 ln
294 1356 335 1390 rua
345 1359 395 1391 non
407 1344 485 1391 tonsas
496 1342 557 1391 ferre
568 1342 674 1407 sepulcra
685 1359 775 1392 comas.
865 1381 876 1400 ,

219 1417 279 1466 Non
290 1421 360 1484 super
373 1422 487 1469 incubui:
498 1437 549 1470 non
562 1421 644 1470 oscula
653 1419 740 1486 frigida
755 1421 839 1484 carpsi.

250 1495 379 1562 Diripiunt
389 1496 465 1548 avidae
476 1501 564 1548 viscera
574 1499 652 1549 nostra
660 1498 724 1548 lerae.

216 1573 269 1639 Ipsa
278 1592 378 1641 quoque
391 1576 492 1626 infantes
503 1594 559 1626 cum
568 1577 665 1629 vulnere
676 1581 804 1645 prosequar
814 1581 909 1629 umbras
918 1597 925 1628 ι

249 1652 302 1701 Nec
315 1669 393 1702 mater
404 1654 471 1704 fuero
482 1652 561 1715 dista,
575 1672 619 1705 nec
627 1657 685 1705 orba
696 1655 747 1706 diu.
941 1671 985 1709 1²10

216 1730 255 1778 Tu
265 1746 361 1790 tamen,
373 1730 388 1781 ὂ
399 1731 483 1782 frustra
494 1735 584 1782 miserae
603 1736 693 1798 sperate
702 1736 793 1795 sorori,

247 1811 351 1873 Sparsa,
364 1827 462 1875 precor,
474 1815 524 1860 nari
532 1811 620 1876 collige
630 1813 738 1861 membra
751 1817 800 1862 tui:

211 1886 244 1936 Et
263 1886 328 1935 refer
337 1886 370 1937 ad
381 1903 482 1937 matrem
492 1924 500 1947 ,
520 1891 633 1954 socioque
643 1893 741 1954 impone
752 1890 876 1955 sepulcro:

244 1963 362 2030 Urnaque
375 1984 419 2015 uos
433 1969 534 2026 lrabeat,
546 1968 680 2033 quamlibet
690 1973 751 2018 arlia
761 2003 769 2026 ,
779 1968 848 2018 duos.

210 2042 275 2091 Vive
291 2060 388 2093 memor
398 2045 470 2094 nostri
480 2081 488 2104 ,
500 2045 664 2112 lacrymasque
674 2050 700 2096 in
708 2049 806 2099 vulnera
816 2049 905 2102 funde:
936 2061 978 2108 ¹25

241 2120 313 2169 Neve
324 2120 455 2171 reformida
465 2139 550 2188 corpus
561 2128 662 2174 amantis
675 2143 765 2175 amans.

209 2198 287 2256 [Tu.
301 2215 378 2265 rogo,
390 2202 498 2267 projecire
509 2201 611 2251 nimirlm
625 2203 738 2254 mandata
748 2209 835 2257 sororis

242 2276 339 2331 Perfer,
353 2275 472 2327 mandaris
482 2279 588 2344 perfruar
597 2283 648 2345 ipsa
656 2286 737 2349 patris.
746 2291 756 2345 ]

228 2387 911 2458 «ΞΡ-πὲῆἷῇἐτι-π»

339 2513 680 2613 Eprsrouu
721 2521 798 2584 ΧΠ.

370 2644 771 2715 ΜΞΜΑΙΑεοΝι.

205 2734 293 2852 Ar
312 2808 358 2855 tibi
370 2806 539 2866 Colchorum,
551 2815 667 2874 memini,
684 2817 764 2880 regina
774 2821 873 2882 vacari,

236 2885 280 2932 Ars
291 2900 360 2938 mea,
374 2885 545 2952 crimpeteres,
557 2906 583 2940 ur
595 2893 639 2940 tibi
647 2892 718 2943 ferrer
726 2911 807 2959 opem.

205 2960 291 3023 Tune,
309 2979 363 3028 quae
377 2961 512 3030 dispensant
522 2969 634 3019 mortalia
646 2969 700 3032 fila,
713 2974 803 3024 sorores

234 3039 375 3091 Debuerant
387 3043 451 3092 fusos
462 3044 575 3095 evoluisse
584 3066 659 3098 meos.

203 3117 273 3168 Turre
287 3123 356 3184 potui
367 3117 454 3171 Media
470 3126 533 3171 mori
545 3124 604 3172 bene
612 3145 619 3175 ε
627 3129 743 3194 quicquid
753 3132 782 3181 ab
793 3131 838 3182 illo
939 3145 950 3190 5

234 3195 341 3247 Produxi
352 3201 407 3250 vire
418 3213 543 3267 ternpore,
554 3217 627 3267 poena
637 3203 691 3255 fuit.

772 3286 832 3354 Ciij
