2367 3992
248 453 374 520 Lissa
398 446 468 516 ΙΙΙ.
496 444 663 514 ErrorA
698 446 781 515 VII.
825 471 887 536 191

206 575 300 637 Surgit,
320 576 345 620 ὃ(
362 586 440 619 aearo
452 568 523 616 fratre
535 566 639 617 verenda
655 570 732 618 soror.

174 651 207 702 At
221 669 295 716 nuper
306 652 341 698 bis
354 649 415 699 flava
429 645 535 700 Chlide,
547 662 584 696 ter
594 644 698 696 candida
710 647 797 702 Pitho,

208 733 257 780 Ter
270 731 340 778 Libas
353 727 434 777 officio
445 731 585 776 continuata
596 744 661 777 meo.

174 812 276 875 Exigere
293 809 385 858 anobis
398 843 406 868 ,
418 807 514 872 angusti
528 810 612 866 noste,
625 804 779 866 Corinnam,
917 810 945 860 25

210 890 253 936 Me
266 891 366 937 memini
381 904 493 936 numeros
506 883 637 935 sustinuiffe
650 903 738 936 novem

177 967 251 1018 Nunc
270 983 323 1014 mea
339 962 475 1014 Tlreffalico
492 965 607 1028 languent
622 963 710 1014 devota
723 979 818 1013 veneno

209 1043 323 1108 Corpora
335 1046 343 1091 i
361 1061 419 1092 num
432 1045 519 1090 misero
531 1059 627 1090 carmen
638 1046 663 1091 δι
675 1042 748 1093 herba
757 1055 848 1093 nocent
860 1043 868 1089 Ξ

179 1124 269 1187 Sagave
281 1120 384 1168 Puniceal
400 1118 483 1168 defixit
494 1123 594 1169 nomina
604 1120 657 1169 cesai
668 1155 678 1180 ,

213 1199 245 1248 Et
261 1197 372 1247 medium
384 1213 464 1246 tenues
475 1201 500 1245 in
508 1202 572 1261 jecur
584 1201 633 1262 egit
644 1207 714 1252 acus?
923 1219 953 1265 50

182 1276 298 1330 Carmine
314 1277 368 1325 laesa
379 1275 452 1325 Ceres
463 1275 566 1324 sterilem
578 1279 683 1325 vanescit
690 1281 715 1325 in
724 1278 837 1327 herbam:

214 1352 342 1405 Deficiunt
358 1354 406 1402 laesi
418 1357 521 1402 carmine
536 1353 610 1402 fontis
621 1372 688 1420 aqua:
700 1374 707 1404 r

180 1435 279 1486 Ilicibus
291 1431 407 1499 glandes,
425 1449 567 1499 cantataque
578 1435 667 1483 vitibus
682 1450 727 1483 uva

215 1513 332 1571 Decidir3
347 1517 372 1562 δι
383 1512 452 1561 nullo
463 1529 536 1577 poma
546 1529 661 1561 movente
672 1510 772 1562 cadunt.

184 1591 254 1656 Quid
263 1606 335 1642 =vetat
349 1596 374 1640 ὃ(
385 1608 470 1640 nervos
481 1594 584 1656 magicas
597 1606 690 1655 torpere
700 1607 742 1655 per
751 1595 829 1643 artes?
927 1599 955 1647 35

220 1674 331 1721 Forsitan
343 1674 469 1736 impatiens
479 1669 507 1718 fit
518 1669 579 1718 latus
589 1667 645 1717 inde
655 1686 746 1718 meum.

187 1750 242 1802 Huc
261 1748 339 1814 pudor
350 1752 448 1797 accessit
460 1747 530 1796 fasti.
546 1744 624 1810 pudor
637 1749 685 1811 ipse
700 1747 812 1798 nocebat.

221 1829 265 1877 llle
280 1827 327 1876 fuit
341 1830 394 1877 vitii
407 1828 477 1875 causa
491 1823 593 1874 secunda
608 1827 665 1872 mei.

188 1907 221 1958 At
238 1905 336 1972 qualem
349 1904 400 1954 vidi
413 1903 507 1954 tannim
524 1906 639 1969 tetigique
654 1901 777 1966 puellam,

224 1987 263 2034 Sic
274 1988 346 2033 etiarn
359 1982 441 2032 tunicd
455 1985 560 2046 tangitur
571 1983 620 2045 ipsa
632 1979 681 2029 sui.
758 1997 765 2010 ⁸
833 2034 838 2041 ¹

179 2063 260 2115 ¹Illius
278 2061 309 2111 ad
326 2065 415 2111 talium
433 2061 512 2122 Pylius
526 2061 676 2125 Juvtnescere
692 2062 783 2124 possit,

226 2142 397 2205 Tithonosque
412 2143 478 2187 annis
493 2139 578 2187 fortior
590 2137 636 2186 effe
647 2140 702 2187 suis.

194 2218 253 2268 Hac
269 2221 330 2267 mihi
343 2221 492 2282 contigerat,
509 2217 549 2266 sed
558 2221 595 2267 vir
609 2235 658 2266 non
670 2219 774 2283 contigit
783 2217 832 2270 illi.

228 2298 294 2357 Quas
307 2315 372 2346 nunc
384 2299 518 2362 concipiam
529 2315 570 2362 per
580 2313 643 2346 nova
654 2314 711 2346 vota
719 2315 799 2362 preces
810 2302 820 2350 i

196 2374 281 2426 Credo
298 2381 371 2425 etiam
383 2393 497 2441 magnos,
510 2393 558 2440 quo
570 2377 622 2425 sum
636 2392 685 2426 tam
698 2380 798 2441 turpiter
814 2379 886 2439 usus,
936 2401 966 2446 45

231 2457 340 2504 Muneris
357 2456 432 2506 oblati
443 2453 578 2521 poenituiffe
590 2455 666 2504 Deos.

198 2534 322 2598 Optabam
335 2534 396 2585 certe
407 2538 480 2597 recipi
493 2552 501 2591 3
519 2537 570 2581 sum
583 2550 668 2596 nempe
682 2549 801 2598 receptus:

235 2612 323 2660 Oscula
338 2613 418 2670 ferre·,
434 2613 494 2661 tuli:
509 2617 632 2676 proximus
648 2610 713 2668 elle3
732 2613 777 2661 fui.

203 2688 260 2751 Quo
274 2692 335 2739 mihi
347 2691 449 2740 fortuna
464 2695 574 2741 tantum?
594 2689 644 2756 quii
660 2707 732 2755 regna
743 2694 792 2741 sine
808 2695 866 2743 usu?

237 2767 304 2828 Quid
317 2772 362 2818 nisi
375 2767 467 2834 poll'edi
484 2767 550 2821 dives
561 2787 644 2818 avarus
660 2777 736 2835 opes?

206 2847 244 2896 Sic
263 2863 312 2896 aret
323 2845 408 2896 mediis
417 2852 483 2898 taciti
495 2848 606 2913 vulgator
617 2853 641 2897 in
651 2847 738 2908 undis,

240 2926 378 2991 Pomaque,
390 2945 442 2992 qua
453 2927 521 2977 nullo
536 2943 644 2994 tempore
658 2943 754 2994 tangat,
770 2931 850 2982 habet.

207 3001 229 3053 Α
246 3003 326 3052 reneri
338 3007 463 3070 quisquam
475 3010 507 3054 sic
519 3009 594 3072 surgit
609 3024 678 3055 mane
689 3008 785 3072 puelli,

188 3080 191 3086 ’
240 3083 351 3132 Protinus
368 3099 394 3131 ut
404 3085 493 3132 sanstos
505 3090 579 3150 possit
590 3085 655 3135 adire
669 3086 742 3136 Deos.

209 3159 256 3227 Sed
266 3178 317 3213 non
326 3160 430 3227 blanda,
446 3179 525 3231 puto,
540 3182 590 3216 non
602 3168 694 3231 optima
704 3163 810 3232 perdidit
821 3168 846 3216 in
856 3183 895 3216 mc
949 3185 975 3234 55
