2367 3992
280 492 407 562 imre
436 489 506 560 ΙΙΙ.
533 486 702 555 Eanum
723 482 824 556 XIV.
864 505 931 574 293

245 616 274 666 Et
288 620 349 682 tegit
360 630 455 666 auratos
465 613 530 680 palla
541 613 642 678 superba
653 608 734 676 pedes.

217 690 282 745 More
297 712 392 761 patrum
408 695 502 760 (iujo,
522 691 607 743 velatae
622 691 725 739 vestibus
743 687 803 738 albis

245 774 343 825 Tradita
359 775 483 840 supposito
494 773 583 822 vertite
594 775 658 819 sacra
673 768 762 817 ferunt.

216 853 259 903 Ore
271 853 353 903 favent
363 853 465 919 populi,
482 864 538 900 tunc
548 847 603 899 ctlrn
619 851 686 900 venit
697 863 767 898 autea
777 862 883 914 pompat

242 919 294 997 lpsa
304 929 436 981 sacerdotes
447 931 643 996 subsequiturque
655 929 715 976 suas.
951 926 982 972 3⁰

212 1008 297 1073 Argiva
310 1008 343 1057 est
352 1026 447 1074 pompae
457 1008 528 1057 faties
538 1026 544 1056 t
554 1007 735 1072 Agamemnone
747 1007 807 1055 caeso
817 1039 827 1065 ‚

242 1087 272 1138 Et
290 1088 366 1137 scelus
381 1091 405 1136 bt
424 1089 510 1152 patrias
524 1085 586 1150 fugit
602 1085 701 1135 Halesus
719 1102 784 1151 opes.

211 1165 308 1231 Jamque
323 1167 464 1231 pererratis,
483 1163 618 1230 profugus,
638 1164 746 1231 tetrique
761 1163 889 1232 ftetoque,

177 1290 190 1293 ..
240 1244 335 1292 Moenia
351 1242 415 1292 felici
430 1241 541 1294 condidit
551 1242 600 1291 alta
615 1259 697 1307 manu

210 1321 250 1371 llle
261 1325 317 1371 suos
329 1319 412 1371 docuit
422 1321 525 1370 Iunonia
535 1323 600 1371 sacra
608 1320 729 1371 Phaliscos
741 1341 748 1370 ε
949 1333 976 1382 35

241 1402 295 1451 Sint
310 1402 391 1462 mihi,
410 1402 457 1450 sint
470 1399 562 1466 populo
577 1401 670 1467 semper
684 1404 762 1452 amica
775 1403 827 1452 suo.

227 1518 910 1593 u——Qfflsse

350 1623 772 1729 ennurlxru

211 1753 298 1876 No
306 1846 322 1878 n
333 1845 379 1894 ego
389 1864 398 1890 ‚
414 1844 445 1877 ne
455 1844 552 1894 pecces,
561 1826 617 1877 etim
626 1828 657 1876 sis
667 1827 789 1888 formosa,
800 1829 899 1879 recuset

240 1905 285 1956 Sed
296 1924 326 1956 ne
336 1911 367 1956 sit
376 1909 463 1956 misero
475 1909 533 1956 scire
543 1902 636 1956 necesse
645 1907 720 1954 mihi.

210 1981 258 2033 Nec
270 2000 293 2034 te
303 1987 381 2034 nostra
392 1986 460 2050 jubet
470 1983 521 2033 fieri
531 1986 629 2034 censura
638 1983 764 2053 pudicam:

239 2061 286 2112 Sed
299 2062 412 2123 tannim,
429 2078 504 2113 tentes
515 2061 681 2124 dissimulare,
695 2079 781 2129 rogat..

209 2136 264 2190 Non
275 2155 378 2205 peccat,
393 2157 550 2206 quaecumque
567 2141 645 2206 potest
654 2140 760 2207 peccasse
774 2159 876 2209 negare:
946 2150 959 2198 5

239 2218 343 2284 Solaque
357 2218 475 2267 famosam
484 2218 554 2284 culpa
563 2219 666 2285 profesla
678 2221 744 2271 facit.

208 2292 266 2356 Quis
277 2295 345 2345 furor
355 2296 405 2356 est,
418 2313 470 2363 quae
479 2300 548 2348 noste
558 2299 651 2360 latent,
662 2301 705 2350 sub
715 2300 769 2350 luce
777 2301 862 2353 fateri?
885 2368 887 2371 ι

238 2373 269 2423 Et
280 2390 333 2439 quae
343 2374 407 2424 clam
421 2374 505 2437 facias,
524 2376 584 2427 fabia
594 2378 681 2430 referre
690 2379 774 2444 balam
785 2384 794 2430 i

207 2451 294 2518 Ignoto
306 2458 417 2504 meretrix
428 2446 514 2521 corpus
531 2459 639 2521 inustum
653 2457 759 2519 Quiriti,
796 2485 799 2494 ·

237 2532 370 2596 Appositi,
389 2533 507 2598 populum
522 2535 649 2586 submovet
662 2547 733 2595 ante,
744 2535 820 2586 saiz.
946 2557 975 2598 ¹9

206 2609 243 2658 Tu
255 2612 429 2676 tuaprostitues
438 2611 510 2662 famae
520 2626 619 2676 peccata
628 2611 742 2663 sinistre?
807 2637 809 2641 ·
822 2633 824 2637 ⁴
875 2634 878 2639 ·

238 2688 371 2740 Commissi
383 2706 479 2755 perages
490 2688 655 2756 indiciumque
666 2694 718 2740 tuii

205 2768 241 2816 Sit
252 2768 297 2816 tibi
310 2785 376 2818 mens
387 2768 492 2829 melior,
508 2767 623 2824 saltemve
634 2771 728 2819 imitere
744 2768 872 2835 pridiem.

238 2845 321 2911 Teque
329 2849 445 2911 probam,
458 2849 567 2914 quamvis
577 2863 627 2899 non
638 2851 698 2910 eris,
710 2846 757 2899 elle
767 2866 865 2916 putem:
895 2890 898 2896 .

204 2923 265 2983 Qua
278 2923 352 2984 fatis,
364 2926 414 2974 haec
427 2925 501 2976 facito
514 2944 522 2985 3
539 2926 633 2977 tannim
643 2924 725 2977 secisse
737 2943 840 2996 negatoz
942 2939 970 2986 ¹5

239 3000 291 3050 Nec
302 2999 392 3067 pudeat
406 3019 487 3054 coram
496 3007 569 3056 verba
580 3004 686 3057 modesta
696 3007 774 3074 loqui.

204 3078 246 3130 Est
255 3082 297 3144 qui
308 3082 440 3147 nequitiam
450 3081 516 3132 lotus
525 3087 603 3150 exigat
614 3104 620 3134 e
633 3088 744 3137 omnibus
754 3087 825 3137 ilium
861 3099 862 3102 ’

238 3157 338 3213 Deliciis
348 3158 440 3229 imple5
456 3160 501 3212 liet
510 3163 595 3229 procul
604 3162 661 3218 'rude
670 3163 759 3233 pudor.

323 3277 326 3285 .
767 3241 820 3306 lvj
