2367 3992
220 508 936 583 ssfflssssssfisssww&

279 676 515 806 ovrnrr
543 676 863 764 uasonrs

215 859 935 988 {reassumimus

360 1079 789 1148 FRAGMENTUM.

445 1214 710 1247 ******

213 1290 381 1410 *Qecrrrr
397 1358 500 1410 mundus
515 1359 593 1424 legem
601 1379 607 1409 t
616 1359 684 1410 dedit
694 1376 759 1409 arma
766 1377 807 1426 per
817 1376 919 1420 ornnes,

213 1434 398 1504 Admonuitque
415 1441 478 1487 sui*
491 1439 587 1487 Vitulus
598 1443 630 1487 sic
641 1456 744 1505 namque
754 1442 874 1500 minatur,

214 1515 264 1575 Qui
276 1515 385 1565 nondum
397 1521 457 1581 gerit
470 1521 495 1565 in
506 1532 585 1566 tenera
597 1522 646 1583 iam
657 1533 746 1566 cornua
756 1517 852 1567 fronte:

213 1595 252 1643 Sic
272 1595 348 1644 damae
359 1595 455 1660 fugiunt
467 1615 473 1644 z
487 1612 595 1661 pugnant
603 1599 691 1647 virtute
704 1596 801 1656 leones,

212 1672 244 1721 Et
260 1675 341 1722 morsu
359 1677 436 1733 canis,
451 1677 474 1722 &
487 1672 568 1722 caudae
581 1678 614 1722 sic
626 1677 729 1738 scorpios
741 1677 807 1723 istu:
952 1678 963 1724 5

212 1750 390 1815 Concussisque
405 1751 463 1799 levis
474 1754 556 1814 pennis
568 1755 601 1798 sic
618 1751 697 1799 evolat
707 1751 762 1799 ales.

211 1829 332 1877 Omnibus
345 1831 434 1892 ignotae
445 1831 528 1877 mortis
543 1830 631 1876 timor:
643 1829 754 1876 omnibus
764 1829 875 1888 hostem,

211 1904 399 1971 Praesidiumque
410 1904 493 1955 datum
502 1907 604 1965 sentire,
617 1910 641 1954 ὃ(
653 1908 748 1956 noscere
759 1906 801 1955 teli

210 1984 317 2049 Vimque
334 1982 484 2049 modumque
497 1985 541 2032 sui.
554 1986 591 2032 Sic
604 1988 628 2032 &
640 1986 722 2033 Scarus
732 2001 782 2034 atre
793 1986 834 2033 sub
846 1983 915 2035 undis

209 2064 798 2115 &namnetensis

209 2140 330 2200 Decidit,
351 2138 525 2206 affumramque
537 2139 596 2191 dolo
609 2140 706 2193 tandem
721 2158 791 2207 paret
803 2143 889 2198 escam.
949 2160 979 2197 ro
1027 2199 1031 2205 ,

208 2218 268 2279 Non
280 2219 350 2268 audet
362 2218 432 2268 radiis
443 2220 531 2268 obnixi
543 2237 666 2269 occurrere
677 2221 775 2273 frontes

208 2298 309 2349 Aversus
319 2301 402 2358 crebro
413 2302 494 2348 vimen
505 2299 545 2349 sed
555 2303 651 2350 verbere
659 2301 741 2352 caudae

208 2377 299 2426 Laxans
314 2379 477 2443 subsequitur,
491 2394 616 2445 tutumque
628 2379 708 2431 evadit
717 2385 743 2429 in
755 2397 845 2446 aequor.

209 2455 274 2516 Quin
287 2459 358 2506 etiarn
370 2461 389 2505 si
403 2457 464 2507 forte
478 2457 582 2522 aliquis,
595 2456 653 2506 dum
665 2475 726 2522 pone
737 2474 845 2520 nataret,

208 2536 770 2569 *********¹t**

206 2613 277 2661 Mitis
291 2611 418 2661 instaurem
430 2614 513 2661 Scarus
529 2616 592 2662 hunc
607 2617 632 2661 in
643 2617 732 2663 vimine
746 2612 824 2671 vidit,
946 2620 972 2668 15

205 2691 289 2739 Aversi
304 2688 403 2739 caudam
417 2693 497 2739 morsu
509 2706 590 2741 tenet:
604 2709 675 2757 atque
685 2694 745 2741 ita*

207 2767 299 2816 *Uber
311 2770 402 2817 servato
415 2786 505 2835 ‚quern
518 2773 594 2829 texit,
606 2774 631 2818 in
641 2773 655 2802 *
663 2770 769 2820 resultet.

205 2849 274 2912 Sepia
287 2844 354 2895 tarda
365 2847 440 2912 fuge:
455 2851 519 2896 renui
531 2849 587 2896 crim
597 2847 659 2897 forti
670 2849 711 2897 sub
723 2848 787 2899 unda

205 2926 328 2990 Deprensa
342 2924 390 2983 est,
405 2929 452 2990 jam
464 2930 559 2992 jamque
572 2943 655 2974 manus
668 2929 737 2976 timet
747 2927 790 2977 illa
799 2945 911 2995 rapaces:

204 3003 315 3053 Inficiens
327 3019 407 3069 aequor
422 3007 516 3067 nigrum
527 3007 606 3054 vomit
619 3021 661 3054 ote
675 3021 799 3067 cruorem,

205 3085 344 3148 Avertitque
359 3085 422 3140 vias,
440 3081 522 3130 oculos
537 3083 646 3132 frustrata
660 3085 791 3148 sequentes.

205 3160 306 3216 Clausus
323 3176 373 3212 tete
385 3161 482 3227 Lupus,
500 3163 609 3228 quamvis
620 3163 731 3214 immanis
749 3165 773 3216 δε
789 3177 859 3234 acer,
910 3194 913 3203 ‚

941 2998 972 3029 20
