2367 3992
293 485 359 549 180
415 475 902 548 OvrurrAMouvrr

288 605 311 653 O
321 605 328 653 1
341 602 484 668 cuicumque
492 601 570 661 faves,
582 600 639 650 felix
647 605 749 666 agitator
759 617 878 668 equorum
888 602 897 649 l

285 685 287 688 ’
323 682 387 746 Ergo
399 680 436 728 illi
447 697 507 728 curae
518 682 621 745 contigit
633 677 679 728 elle
691 681 750 729 tue!

289 758 344 808 Hoc
360 761 420 808 mihi
431 762 571 824 contingat,
583 758 649 807 sacro
659 757 689 808 de
701 776 793 808 carcere
807 761 886 810 missis

244 835 274 868 ²⁰
323 837 429 887 Insistam
445 837 502 886 forti
514 853 594 886 mente
607 836 729 887 vehendus
741 841 816 904 equis·

290 915 322 964 Et
339 913 414 964 modd
429 908 482 965 lora
492 914 568 976 dabo,
582 914 658 965 modo
669 918 765 965 verbere
778 932 844 983 terga
854 919 970 968 notabor

323 993 394 1042 Nunc
406 994 518 1059 stringam
529 1008 605 1043 metas
617 997 729 1043 interiore
740 994 803 1044 rori.

291 1073 315 1122 si
326 1073 386 1120 mihi
395 1075 498 1121 currenti
508 1071 579 1120 fueris
591 1074 731 1136 conspeela‚
743 1073 874 1122 morabor:

323 1150 409 1218 Deque
419 1154 478 1200 meis
488 1153 598 1201 manibus
609 1152 661 1201 lora
673 1150 768 1200 remilia
778 1151 863 1201 fluent.

244 1242 270 1289 ¹5
290 1229 343 1280 Ah!
363 1229 438 1296 quim
454 1247 519 1295 pene
531 1232 617 1296 Pelops
628 1231 701 1279 Pisaei
712 1228 821 1279 concidit
832 1227 918 1292 hailai,

322 1307 389 1358 Dum
400 1310 487 1376 spedat
495 1309 586 1369 vultus,
597 1307 767 1374 Hippodamia,
780 1309 848 1358 tuos!

232 1366 252 1392 ι’
290 1387 385 1452 Nempe
397 1387 478 1438 favore
490 1390 535 1436 fuae
547 1391 605 1437 vicit
617 1402 696 1436 tamen
708 1387 749 1435 ille
760 1387 857 1453 puellae.

323 1466 454 1516 Vincamus
470 1464 574 1515 dominae
586 1469 686 1532 quisque
698 1466 779 1515 favore
795 1468 850 1515 suae.

293 1544 359 1608 Quid
370 1545 452 1594 frustra
463 1544 551 1608 refugis
564 1548 572 1592 ἓ
586 1548 653 1610 cogit
662 1561 707 1593 nos
724 1544 786 1593 linea
796 1547 883 1610 jungi:

244 1631 275 1664 ²0
324 1625 381 1674 Haee
391 1625 417 1671 in
428 1622 479 1689 lege
488 1623 536 1672 loci
548 1621 679 1672 commoda
690 1621 775 1672 Circus
786 1623 867 1672 habet.

293 1703 332 1753 Tu
347 1717 444 1756 tamen,
456 1718 470 1750 a
485 1699 567 1752 dextra
582 1705 729 1768 quicumque
741 1718 780 1762 es,
791 1717 861 1766 parce
869 1702 974 1768 puelle:

326 1781 446 1833 Contailu
458 1781 537 1831 lateris
548 1780 643 1831 laeditur
655 1782 697 1830 ista
708 1784 752 1830 tui.

294 1862 331 1912 Tu
342 1878 455 1928 quoque,
471 1864 512 1926 qui
526 1862 611 1926 spedas
622 1861 675 1926 post
686 1877 745 1921 nos,
756 1875 795 1910 tua
807 1862 923 1910 contrahe
935 1877 1023 1920 crura,

327 1942 351 1990 si
367 1939 445 2006 pudor
455 1940 502 1988 est:
515 1931 594 2004 rigido
605 1957 648 1989 uec
656 1957 737 2005 preme
748 1955 813 2004 terga
825 1955 898 2004 genu.

246 2017 273 2064 ²5
294 2018 340 2070 Sed
357 2022 460 2068 nimium
470 2015 569 2068 demilla
580 2023 659 2083 jacent
670 2020 713 2067 tibi
724 2016 797 2082 pallia
811 2032 895 2066 terrae:

325 2097 439 2163 Collige,
451 2098 490 2149 vel
506 2096 586 2162 digitis
599 2115 628 2146 en
637 2114 681 2162 ego
692 2096 756 2146 tollo
767 2098 835 2144 meis.

294 2175 379 2228 Invida
392 2178 461 2227 vestis
471 2192 533 2230 eras,
549 2162 603 2243 quae
613 2191 663 2226 tam
673 2178 737 2226 bona
749 2192 817 2224 crura
828 2175 924 2241 tegebas
934 2191 943 2225 e

327 2254 431 2321 Quoque
441 2257 515 2319 magis
530 2257 633 2318 speeies,
646 2255 729 2306 invida
740 2255 808 2304 vellis
822 2270 886 2304 eras.

244 2365 249 2370 -
295 2332 364 2383 Talia
374 2332 500 2381 Melanion
515 2333 638 2382 Atalantes
653 2351 722 2383 crura
733 2334 827 2400 fugacis

249 2419 279 2465 30
328 2413 428 2480 Optavit
443 2413 554 2461 manibus
565 2410 696 2464 sustinuisse
707 2415 764 2463 suis⁴

294 2491 365 2543 Talia
376 2493 500 2541 succinuae
509 2495 639 2557 pinguntur
651 2509 718 2541 crura
726 2492 827 2546 Dianae,

327 2570 394 2622 cum
409 2572 516 2637 sequitur
530 2570 622 2631 fortes,
636 2571 724 2620 fortior
733 2572 800 2636 ipsa,
813 2569 883 2619 feras.

295 2652 339 2702 His
355 2668 400 2716 ego
411 2667 461 2700 non
471 2653 527 2701 visis
539 2653 583 2699 arsi
595 2670 600 2697 :
615 2648 674 2716 quid
684 2649 725 2698 fiet
736 2652 765 2697 ab
777 2648 841 2697 istis?

328 2731 359 2780 In
367 2729 492 2782 flammam
505 2728 629 2784 flammas,
645 2733 670 2777 in
682 2746 746 2778 mare
758 2726 840 2777 fundis
853 2741 940 2792 aquas.

250 2808 276 2852 35
296 2811 406 2876 Suspicor
419 2827 447 2858 ex
458 2810 505 2858 istis
517 2811 542 2859 δι
553 2823 630 2857 cetera
640 2805 706 2872 polle
716 2808 826 2872 placere,

330 2888 389 2949 Quae
401 2891 460 2937 bene
473 2888 515 2935 sub
528 2890 593 2935 tenui
604 2883 772 2935 condieavelle
784 2885 869 2934 latent.

296 2967 339 3018 Vis
351 2982 432 3017 tamen
441 2971 530 3016 interea
541 2964 623 3015 faciles
633 2961 744 3014 arceffere
754 2979 856 3024 ventos,
887 3001 891 3008 .

330 3044 396 3107 Quos
409 3044 480 3095 faeiat
490 3042 569 3093 nostrai
579 3058 648 3091 mota
656 3042 746 3094 tabella
757 3045 847 3092 manu?

297 3125 335 3175 Au
352 3126 426 3190 magis
441 3125 479 3172 hic
495 3138 561 3171 meus
570 3121 603 3173 est
613 3125 705 3182 animi,
721 3139 770 3171 non
779 3123 852 3179 a‘e'ris,
864 3119 956 3173 aestus?

247 3209 280 3256 <0
329 3203 455 3271 Captaque
467 3201 584 3254 femineus
595 3203 689 3268 pedore
702 3216 776 3251 torret
788 3200 873 3251 amori
