2367 3992
318 505 446 575 lrnnn
476 504 526 571 II.
557 503 724 569 Etr-:orn
751 499 801 568 ΙΙ.
869 521 957 593 151-

250 614 333 666 Ardua
342 615 460 667 devexum
471 614 555 663 Pelion
566 607 623 661 Oisa
636 610 701 660 tulit.

216 695 246 745 In
258 698 368 745 manibus
378 695 492 753 nimbos,
504 696 529 742 δι
545 707 601 739 cum
612 691 670 740 Jove
681 686 793 750 fulmen,
805 686 920 748 habenti,
957 706 984 752 ¹5

250 771 325 834 Quod
338 773 396 821 bene
410 788 454 835 pro
466 769 530 820 coelo
541 767 696 818 mitteretille
706 769 767 826 suo,

214 849 313 902 Clausit
323 854 400 899 amica
411 849 474 898 fores
485 867 491 898 ε
503 865 548 914 ego
559 864 615 897 cum
628 847 687 897 Jove
697 845 791 895 fulmen
800 846 890 896 omisis

247 927 344 978 Excidit
354 931 453 993 ingenio
462 929 474 977 J
476 929 568 993 uppiter
578 927 628 991 ipse
638 941 704 975 meo.

213 1008 340 1072 iuppiter,
352 1008 460 1070 ignoscas
469 1024 476 1054 s
485 1004 520 1054 nil
531 1021 570 1054 me
581 1019 622 1053 tua
631 1003 679 1053 tela
689 1001 815 1070 jurabant:

248 1084 339 1134 Clausa
353 1099 395 1133 tuo
410 1088 485 1149 majus
496 1086 567 1148 janua
579 1082 672 1131 fulmen
684 1097 743 1132 erat.
956 1110 987 1142 20

213 1159 346 1212 Blanditias
359 1161 486 1226 elegosque
497 1160 577 1220 leves,
588 1175 643 1209 mea
653 1159 716 1221 tela,
728 1161 845 1210 resumsit
1000 1161 1012 1174 “

248 1236 395 1289 Mollierunt
405 1239 475 1289 duras
487 1238 550 1287 lenia
559 1239 632 1288 verba
642 1237 713 1287 fores.

214 1316 332 1369 Carmina
342 1318 476 1382 sanguinea
487 1314 610 1366 deducunt
621 1331 710 1365 cornua
720 1315 812 1374 Lunaes

247 1395 280 1443 Et
290 1409 405 1445 revocant
415 1399 497 1445 niveos
509 1396 615 1444 carmina
624 1394 686 1444 Solis
698 1410 780 1460 equos.

212 1472 331 1524 Carmine
342 1471 475 1533 dissiliunt,
486 1474 589 1538 abruptis
601 1472 709 1521 faucibus
719 1475 825 1537 anguess
957 1501 985 1548 ²5

201 1558 204 1561 ’
248 1551 323 1617 inque
333 1552 388 1600 suos
401 1550 479 1600 fontes
490 1553 556 1600 versa
566 1553 667 1601 recurrit
676 1566 747 1616 aqua.

213 1628 371 1680 Carminibus
381 1627 466 1679 cessere
477 1630 539 1680 iores
553 1649 559 1678 e
571 1631 705 1695 insertaque
715 1629 793 1694 posti,

248 1707 365 1767 Quamvis
377 1709 449 1757 robur
461 1722 526 1769 erat,
538 1711 643 1757 carmine
652 1710 714 1756 vicia
724 1709 774 1757 sera
783 1707 826 1758 est.

213 1783 283 1844 Quid
298 1787 359 1834 mihi
368 1786 485 1850 profuerit
495 1785 566 1834 velox
577 1800 685 1834 cantatus
699 1782 821 1835 Achilles?

249 1861 315 1923 Quid
329 1878 423 1928 prome
431 1862 525 1913 Atrides
535 1863 629 1912 alter&
641 1863 700 1912 alter
710 1867 799 1927 agent?

213 1940 311 2008 Quique
328 1956 365 1990 tot
383 1939 500 1999 errando,
512 1955 573 2006 quot
584 1939 664 2000 bello,
675 1937 781 2005 perdidit
791 1955 866 1990 annos
875 1971 891 2000 ,-

247 2020 338 2085 Raptus
351 2023 375 2068 dr
387 2019 520 2068 Haemoniis
529 2016 615 2066 flebilis
623 2018 711 2067 Heuor
721 2020 787 2086 equis
796 2021 806 2068 ἒ

211 2098 248 2148 At
255 2131 264 2157 ,
281 2096 341 2146 Facie
352 2111 438 2146 tenerae
450 2094 546 2144 laudata‘t
557 2096 618 2160 saepe
628 2095 731 2160 puellae,

176 2200 183 2210 ·
247 2174 285 2225 Ad
301 2190 400 2235 vatem,
413 2176 516 2239 pretium
530 2178 654 2235 carminis,
669 2177 719 2240 ipsa
728 2177 803 2226 venit.

210 2251 305 2317 Magna
319 2251 390 2302 datur
402 2268 491 2301 merces
503 2269 510 2300 a
521 2255 622 2302 heroum
633 2253 697 2303 clara
704 2255 782 2304 valete
951 2283 978 2328 35

247 2329 370 2379 Nomina:
379 2346 429 2380 non
439 2345 493 2396 apta
504 2331 535 2379 est
548 2335 624 2396 gratia
633 2332 708 2383 vestra
720 2335 791 2382 mihi,

209 2403 253 2457 Ad
269 2423 323 2456 mea
334 2407 446 2458 formosa
455 2408 535 2459 vuitus
546 2407 657 2460 adhibete
667 2412 753 2476 puella

246 2482 378 2548 Carmina,
393 2504 522 2553 purpureus
533 2505 587 2555 quae
600 2492 661 2539 mihi
675 2489 748 2540 distat
758 2491 843 2540 Amor.

235 2606 919 2694 «πὲηᾚάέεπθ

393 2762 803 2865 ELEGIAII.¹

209 2848 358 3049 Quart
370 2942 439 2992 penes
448 2929 481 2979 est
491 2928 616 2980 dominam
628 2928 735 2981 servandi
746 2947 818 2994 cura,
833 2931 930 3000 Bagai,
994 2893 997 2899 ·

269 3020 310 3052 um
319 3021 410 3070 perago
421 3021 499 3056 tecum
509 3025 584 3075 pauca
596 3044 605 3070 ,
622 3007 663 3059 sed
677 3025 749 3075 apta,
761 3026 829 3062 vaca.

205 3079 323 3131 Hesterni
334 3081 385 3134 vidi
396 3085 535 3149 spatiantem
547 3086 600 3136 luce
612 3088 731 3154 puellam,

242 3158 305 3222 ma,
316 3177 370 3228 quae
384 3161 465 3215 Danai
472 3166 580 3232 porticus
590 3181 677 3233 agmen
686 3168 767 3216 habet.

741 3244 764 3294 G
777 3244 802 3295 ir
