2367 3992
308 651 365 702 nn
390 631 507 704 Auri-z
532 630 723 709 Anauni
742 633 782 702 L.
802 635 834 702 1.
879 656 947 722 209

223 751 277 803 Sed
290 769 314 804 tu
323 755 439 822 praecipue
449 760 525 806 curvis
535 773 621 806 venare
633 758 747 804 theatris'r

241 874 245 880 .
262 833 321 882 Haec
336 834 390 884 loca
399 837 453 884 sunt
463 850 522 885 voto
534 835 651 884 fertiliora
661 850 712 883 tuo.
968 839 998 881 90

222 908 284 959 illic
300 915 425 972 invenies¹¹
439 911 507 978 quod
517 930 596 972 ames,
609 910 676 978 quod
688 909 768 960 ludere
780 911 874 975 possis,

258 989 380 1057 Quodque
395 992 467 1040 semel
485 1007 584 1056 tangas,
597 989 710 1056 quodque
723 1003 803 1039 tenere
814 987 883 1037 velis.

220 1066 261 1117 Ut
272 1066 335 1118 redit
343 1073 410 1135 itque
422 1068 532 1135 frequens
544 1069 645 1132 longum
659 1067 761 1116 formica
772 1082 814 1130 per
822 1080 924 1130 agmen,

257 1146 386 1198 Granifero
400 1148 497 1197 solitum
507 1149 562 1196 culm
573 1149 641 1196 vehit
649 1162 691 1194 ore
701 1145 799 1202 cibum3

221 1226 273 1274 Aut
288 1240 315 1274 ut
325 1242 394 1290 apes,
405 1226 524 1290 saltusque
535 1227 589 1273 suos
601 1229 626 1273 bc
636 1224 727 1272 olentia
735 1223 809 1270 nasia
966 1230 996 1274 95

255 1302 362 1357 Pascua,
377 1319 418 1367 per
428 1301 499 1351 flores
507 1306 531 1350 δι
545 1304 628 1363 thyma
639 1299 821 1349 summavolant
828 1315 837 1357 3

221 1381 261 1430 Sic
280 1384 328 1429 ruit
342 1384 368 1429 in
386 1381 489 1429 celebres
503 1379 635 1428 cultissima
650 1378 740 1427 femina
752 1374 831 1425 ludos.

253 1456 337 1524 Copia
350 1456 468 1523 judicium
479 1459 537 1521 saepe
548 1472 643 1506 morata
656 1472 748 1504 meum.

217 1536 357 1600 Spectatum
373 1539 473 1586 veniunt
483 1570 491 1594 ,
500 1539 601 1585 veniunt
618 1537 750 1599 speslenrur
761 1547 788 1582 ut
801 1533 869 1597 ipset

253 1611 298 1660 llle
309 1611 377 1661 locus
390 1614 446 1661 casti
463 1611 551 1662 damna
563 1611 662 1677 pudoris
674 1613 756 1660 habet.
949 1630 993 1666 roo

216 1691 312 1739 Primus
323 1692 430 1741 solicitos
443 1691 536 1751 fecisti,
547 1690 652 1741 Romule
663 1724 672 1749 ,
684 1687 755 1738 ludos
766 1706 776 1748 ς

253 1767 319 1817 Ctirn
333 1773 395 1834 iuvit
407 1767 493 1818 viduos
508 1785 578 1834 rapta
588 1771 675 1818 Sabina
684 1771 756 1818 viros.

216 1847 290 1894 Tunc
305 1863 381 1912 neque
391 1863 528 1896 marmoreo
538 1845 676 1912 pendebant
684 1848 738 1898 vela
747 1849 857 1898 theatror

254 1923 304 1972 Nec
315 1922 407 1973 fuerant
420 1923 515 1982 liquido
526 1925 620 1988 pulpita
630 1927 700 1974 rubra
711 1942 793 1974 croco.

214 1999 273 2048 Illic
284 2035 292 2059 ,
310 2019 367 2066 quas
379 2002 482 2051 tulerant
493 2003 619 2051 nemorosa
630 2003 719 2052 PalatIa
730 2037 738 2061 ,
750 2001 848 2051 frondes
943 2021 990 2067 ¹05

251 2079 396 2143 Simpliciter
406 2083 506 2144 posite,
524 2082 592 2128 scena
607 2083 657 2128 sine
669 2096 718 2128 arte
731 2080 786 2129 suit.

213 2155 244 2204 In
258 2155 368 2220 gradibus
384 2156 444 2207 sedit
455 2158 558 2223 populus
570 2157 600 2207 de
615 2161 703 2223 cespite
714 2157 798 2217 faslis,

250 2234 364 2296 Qualibet
380 2238 479 2287 hirsutas
490 2234 576 2286 fronde
589 2252 683 2302 regente
694 2252 784 2286 comas.

212 2313 355 2378 Respiciunt
366 2314 505 2381 ‚oculisque
516 2329 602 2364 norant
613 2317 657 2364 sibi
669 2318 769 2381 quisque
780 2311 903 2379 puellam,
963 2311 965 2316 ’

248 2390 328 2451 Quam
344 2392 402 2443 velit
413 2412 420 2442 r
432 2398 457 2444 δι
469 2397 543 2445 tacito
553 2397 647 2459 pestere
662 2394 739 2443 multa
751 2409 858 2444 movent.
938 2408 983 2440 tro
1014 2419 1018 2427 ·

211 2469 344 2536 Dumque,
355 2470 438 2521 rudem
449 2465 567 2538 praebente
579 2472 681 2524 modum
692 2474 790 2523 tibicine
800 2473 897 2521 Tlrusco
908 2507 916 2531 ,

246 2545 337 2598 Ludius
351 2565 467 2616 aequatam
482 2566 518 2600 ter
530 2550 589 2617 pede
608 2552 686 2617 pulsat
700 2554 818 2607 humum3

211 2625 241 2676 ln
255 2625 337 2676 medio
351 2628 449 2692 plausu,
464 2628 556 2694 plausus
568 2644 625 2677 tune
636 2644 684 2678 arte
696 2630 807 2686 carebat,

246 2706 295 2754 Rea
308 2706 401 2770 populo
411 2705 496 2771 prada:
507 2710 573 2770 sigua
587 2705 690 2770 petenda
700 2704 777 2755 dedit.

209 2783 324 2832 Protinus
340 2785 465 2841 exsiliunt,
478 2788 587 2833 animum
597 2784 702 2834 clamore
714 2782 833 2842 fatentes,
936 2806 977 2856 ¹¹5

244 2860 382 2926 Virginibus
396 2862 493 2927 cupidas
506 2865 663 2928 injiciuntque
675 2878 769 2910 manus.

208 2937 247 2987 Ut
260 2939 356 3006 fugiunt
371 2942 476 3007 aquilas,
497 2939 649 2993 timidissima
663 2941 748 2996 turba,
763 2938 896 3001 columbae3

242 3017 325 3085 thue
340 3018 404 3083 fugit
417 3021 479 3070 vlsos
492 3036 552 3085 agna
563 3018 660 3070 novella
670 3017 756 3084 lupos;

206 3096 247 3145 Sic
264 3095 313 3147 illae
328 3099 428 3147 timuere
437 3101 501 3148 vitos
512 3098 627 3163 sinelege
638 3113 741 3149 tuentes.

241 3171 361 3229 Constitit
373 3174 399 3222 in
419 3175 503 3237 nulla,
516 3179 558 3242 qui
577 3175 623 3226 fuit
638 3192 710 3237 ante,
725 3175 802 3228 color.
931 3196 976 3228 rao

207 3251 273 3309 Nam
285 3255 359 3302 timor
377 3268 436 3301 unus
447 3267 518 3314 erar,
534 3254 607 3322 facies
622 3271 671 3304 non
687 3271 734 3305 una
751 3256 863 3304 timorist

240 3331 296 3386 Pars
313 3331 389 3383 laniat
403 3334 478 3388 crines
490 3348 557 3399 :pars
567 3334 618 3388 siue
632 3348 712 3386 mente
723 3329 799 3385 sedete
