2367 3992
277 489 342 554 140
399 467 602 533 Ovrrrrr
630 462 921 567 Arrorvrr.

295 601 985 672 amsszffifimv·

449 730 814 792 ELEGIAIX

272 821 1000 956 Mirtumomnisamans‚&hrbetsurcastraCupido.

307 972 401 1030 Attice,
413 967 482 1018 crede
496 973 572 1021 mihi:
584 971 673 1020 militat
684 974 763 1019 omnis
773 985 864 1018 emtus.

275 1048 334 1110 Quae
345 1047 409 1097 bello
421 1048 453 1095 est
462 1049 562 1108 habilis,
570 1050 657 1097 Veneri
668 1065 765 1113 quoque
776 1050 905 1106 convenit,
919 1061 988 1095 κω.

309 1127 388 1190 Turpe
399 1127 466 1174 senex
480 1127 561 1182 miles,
575 1141 642 1191 turpe
653 1126 732 1175 senilis
742 1143 820 1175 amor.

245 1219 255 1268 5
276 1203 341 1264 Quos
356 1207 445 1269 petiere
455 1202 526 1253 duces
536 1222 611 1253 annos
622 1208 647 1253 in
658 1204 735 1253 milite
752 1205 827 1258 forti,

308 1282 358 1330 Hos
369 1285 428 1347 petit
438 1285 463 1330 iu
476 1284 541 1331 socio
553 1283 616 1332 bella
629 1283 709 1347 puella
722 1297 785 1331 toro.

274 1360 421 1425 Pervigilant
431 1362 503 1423 ambe)
516 1381 521 1407 :
535 1360 596 1409 terri
611 1361 735 1425 requiescit
744 1375 842 1424 uterque
855 1378 861 1406 r

246 1464 250 1470 ¹
308 1438 353 1487 lile
367 1438 429 1488 fores
444 1437 547 1488 domiue
559 1441 654 1497 servat,'
672 1437 749 1488 atille
761 1435 836 1486 ducis.

276 1517 364 1565 Militis
377 1515 485 1565 officium
496 1516 568 1580 longa
581 1517 614 1564 est
622 1520 678 1565 via:
691 1519 761 1564 mitte
773 1513 898 1580 puellam3
1047 1504 1050 1511 ¹

232 1615 260 1648 to
309 1597 438 1653 Strenuus,
453 1608 546 1663 circuito
558 1592 605 1642 fine
613 1629 621 1654 ,
635 1597 744 1660 sequetur
757 1609 847 1645 amans.
972 1590 975 1595 ’

278 1673 326 1722 lbit
340 1677 365 1721 in
379 1671 488 1722 adversos
499 1688 610 1732 montes,
623 1670 792 1738 duplicataque
802 1671 886 1719 nimbo

311 1749 437 1808 Flumina3
454 1751 574 1815 congestas
590 1766 679 1799 cureret
693 1750 734 1798 ille
749 1753 833 1798 nives.'

278 1827 330 1878 Nec
343 1864 350 1887 ,
368 1827 429 1877 freta
441 1827 573 1893 pressurut,
589 1827 694 1877 tumidos
709 1828 841 1876 causabitur
852 1823 949 1884 Euros3

311 1907 419 1972 Aptaque
429 1905 537 1955 verendis
550 1905 627 1956 sidera
640 1921 730 1973 quaeret
741 1907 815 1971 aquis.

234 1993 259 2041 r5
281 1985 357 2046 Quis,
370 1988 416 2034 nisi
427 1985 465 2035 vel
476 1985 560 2044 miles,
571 1984 610 2035 vel
620 2001 716 2045 amans,
734 1988 758 2032 δε
770 1982 860 2047 frigora
868 1982 959 2034 noetis,

314 2063 345 2112 Et
355 2060 427 2112 denso
439 2066 523 2112 mixtas
539 2063 641 2127 perferet
653 2063 728 2110 imbre
739 2063 821 2110 nives?

279 2141 388 2190 Mittitur
401 2140 497 2190 infestos
508 2140 567 2188 aiter
578 2139 712 2205 speculator
720 2144 746 2188 in
756 2139 848 2189 hostes:

314 2217 340 2265 In
351 2216 424 2267 rivale
434 2216 517 2267 oculos
526 2217 585 2268 alter
596 2254 604 2278 ‚
615 2234 642 2268 ut
651 2219 732 2278 hoste,
743 2233 818 2268 tenet.

280 2292 326 2342 Ille
339 2309 419 2358 graves
437 2295 523 2354 urbes,
536 2296 576 2344 hic
589 2294 654 2344 durae
664 2294 738 2344 limen
751 2299 834 2345 amita·

149 2382 153 2387 ·
234 2379 265 2412 20
315 2364 475 2421 Obtidctrhic
487 2388 567 2437 portas
578 2373 684 2438 frangit,
700 2373 777 2423 atille
790 2373 862 2424 fores.

280 2451 345 2515 Saepe
357 2452 480 2515 soporatos
489 2449 600 2500 invadere
612 2451 705 2517 profuit
715 2452 809 2513 hostes,

313 2527 412 2579 Caedere
423 2533 448 2579 δι
460 2529 550 2580 armari
560 2531 646 2596 vulgus
658 2534 747 2580 inerme
758 2548 840 2581 manu.

282 2607 319 2656 Sic
332 2605 381 2656 fera
390 2607 497 2658 Threicii
508 2606 645 2658 ceciderunt
655 2612 750 2673 agmina
760 2611 830 2658 Rhesi
842 2627 851 2668 5

314 2683 345 2732 Et
355 2681 499 2747 dominum,
511 2689 588 2750 capti,
606 2684 753 2747 deseruistis,
765 2689 830 2753 equi.

235 2774 264 2819 25
283 2762 347 2827 Saepe
359 2767 501 2813 maritorum
509 2764 599 2815 somnis·
613 2780 711 2815 utuntur
721 2779 841 2823 amanter5

316 2840 347 2888 Et
356 2843 412 2901 stra,
424 2843 505 2907 sopitis
516 2843 636 2903 hostibus,
648 2859 713 2893 arma
723 2858 831 2894 movent.

283 2915 419 2967 Custodum
431 2921 528 2967 transire
538 2936 622 2968 manus
631 2955 639 2979 ,
649 2920 798 2986 vigilumque
810 2935 927 2983 catervas,

316 2995 403 3044 Militis
415 2998 439 3044 δι
453 2997 533 3045 miseri
544 2997 575 3044 est
588 2998 679 3062 semper
689 3002 790 3048 amantis
801 3017 869 3065 opus.

284 3074 350 3124 Mars
360 3071 445 3122 dubius
455 3108 462 3134 ‚
474 3090 518 3122 nec
529 3089 592 3123 certa
602 3076 682 3124 Venus
691 3095 698 3136 ς
713 3079 814 3144 vitiique
829 3079 972 3142 resurgunte

236 3151 271 3198 50
318 3152 432 3220 Quosque
446 3168 517 3219 neges
533 3169 648 3222 umquam
657 3153 724 3225 poffe
733 3160 825 3224 jacere,
837 3153 935 3209 cadunt.
