2367 3992
266 505 309 571 14
362 483 405 551 P.
426 483 605 549 Ournrr
626 483 859 548 NAsorurs

215 609 260 656 ¹40
294 606 373 666 Quam
388 609 437 654 sine
449 619 472 653 te
483 606 547 668 cogis
557 606 653 661 vivere,
666 619 724 666 coge
738 605 809 651 mori.

261 683 342 749 thue
355 683 425 742 facis,
444 698 513 746 coges
523 701 528 730 ι
540 683 599 730 abiit
615 683 746 746 corpusque
762 681 876 745 colorque
889 696 896 727 ε

294 762 395 810 Sustinet
412 765 459 808 hoc
471 764 555 808 animae
567 761 616 824 spes
629 775 709 808 tamen
722 776 767 807 una
779 763 821 807 tui.

262 839 316 900 Qui
327 843 345 887 si
363 837 491 895 destituor,
504 853 609 903 repetam
622 838 750 902 fratresque
762 839 887 901 virumque
899 851 910 882 2v

294 916 345 965 Nec
363 917 406 964 tili
423 915 578 980 magnificum
591 915 679 962 femina
690 912 749 980 julla
763 918 834 963 mori.

216 993 313 1045 ¹45Cur
324 1009 402 1042 autem
414 995 511 1059 jubeas?
524 994 601 1042 strieio
612 1009 664 1058 pete
675 1011 776 1058 corpora
787 993 869 1042 serroz

295 1073 333 1121 Est
343 1075 420 1131 mihi,
433 1075 473 1137 qui
496 1069 558 1121 sollo
572 1075 665 1136 pestere
677 1073 769 1136 sanguis
784 1086 830 1120 eat.

260 1151 303 1200 Me
322 1165 386 1215 petat
396 1150 438 1199 ille
450 1165 518 1210 tuus,
530 1153 587 1216 qui,
601 1154 620 1199 si
631 1151 682 1199 Dea
692 1148 756 1215 palla
767 1149 847 1201 fuiffet
857 1185 866 1211 ‚

294 1230 361 1278 Ensis
376 1233 401 1278 in
414 1227 502 1278 Atridae
517 1231 595 1293 petius
610 1232 684 1277 iturus
698 1244 756 1278 erar.

261 1307 313 1357 Ah!
326 1308 404 1372 potitis
421 1309 494 1356 serres
506 1308 609 1356 nostram
617 1343 625 1366 ,
638 1322 802 1367 immunera,
817 1311 893 1357 vitam
905 1326 914 1356 e

216 1389 261 1438 ¹50
295 1385 367 1446 Quod
386 1385 482 1436 dederas
497 1386 558 1434 hosti
573 1389 666 1445 unior,
685 1390 761 1435 amica
778 1403 847 1451 rogo.

262 1463 361 1513 Perdere
372 1482 431 1530 quos
442 1463 526 1512 melitis
536 1467 609 1528 possis
622 1499 629 1523 ‚
642 1464 763 1528 Neptunia
773 1466 878 1529 praebent

295 1543 408 1606 Pergama
420 1562 425 1590 ι
439 1545 563 1591 materiam
581 1540 651 1590 caedis
662 1544 691 1590 ab
704 1543 768 1590 hoste
783 1558 845 1607 pete.

263 1621 304 1670 Me
323 1619 415 1679 modo,
431 1623 480 1669 sive
490 1637 556 1684 paras
571 1620 694 1683 impellere
706 1625 795 1684 remige
807 1617 920 1682 classem,

295 1700 348 1748 Sive
366 1715 463 1758 manes,
480 1696 573 1747 domini
588 1702 639 1763 jure
656 1702 736 1749 venire
751 1701 815 1763 jube.

280 1813 952 1886 n-——ssfflmgz—-ss-ze

431 1945 703 2007 EPISTOLA
743 1945 807 2005 IV.

356 2075 549 2136 PrrAEnuA
591 2077 879 2138 Hrreonrro.

263 2161 389 2306 Qun,
404 2241 448 2287 nisi
463 2254 488 2287 tu
497 2236 588 2288 dederis
598 2275 606 2298 ,
618 2241 719 2289 caritura
730 2239 762 2287 est
772 2240 836 2303 ipsa,
845 2238 945 2289 salutem

295 2315 375 2363 Mittit
391 2318 522 2364 Amazonio
535 2314 617 2365 Crcffa
627 2317 706 2380 puella
716 2319 778 2366 viro.

262 2391 359 2457 Perlege
372 2392 541 2460 quodcumque
553 2395 601 2442 est:
615 2392 673 2459 quid
684 2393 782 2459 epistola
793 2392 851 2442 leole
863 2395 978 2444 nocebit?

295 2472 330 2519 Te
341 2488 453 2537 quoque,
470 2476 495 2520 in
506 2475 550 2521 hac
561 2471 652 2538 aliquid
663 2471 729 2539 quod
737 2477 820 2538 juvet,
835 2469 880 2520 else
890 2472 977 2538 potest,

233 2559 244 2606 5
263 2548 306 2598 His
323 2566 407 2598 arcana
418 2553 481 2598 notis
496 2550 556 2599 terri
570 2551 703 2616 pelagoque
718 2550 838 2599 feruntur:

295 2627 392 2691 Inspicit
414 2643 520 2693 acceptas
535 2629 606 2677 hostis
620 2630 649 2677 ab
664 2629 729 2677 hoste
742 2645 821 2678 norae.

262 2704 310 2753 Ter
326 2721 403 2754 tecum
420 2721 505 2755 conata
520 2707 603 2773 loqui,
620 2722 654 2756 ter
672 2708 762 2756 inutilis
780 2709 849 2756 hesit

294 2784 401 2848 lingua:
414 2799 448 2832 rer
458 2788 483 2832 in
494 2787 572 2849 primo
580 2783 717 2834 destititore
728 2787 807 2834 sonus.

262 2860 317 2922 Qui
329 2861 384 2909 licet
394 2866 418 2910 ὅ(
429 2864 547 2929 sequitur,
559 2862 637 2929 pudor
647 2864 679 2912 est
688 2862 822 2913 miscendus
833 2866 919 2915 amori.

217 2968 245 3000 10
294 2940 380 2988 Dicere
393 2958 445 3006 quae
457 2940 555 3006 puduit,
570 2945 669 2991 scribere
683 2946 751 3008 jussit
763 2943 845 2992 Amor.

263 3017 385 3085 Quicquid
399 3022 472 3067 Amor
482 3024 563 3085 jussit,
573 3037 622 3070 non
631 3021 662 3069 est
670 3037 822 3070 contemnere
831 3035 928 3073 tutum:

295 3101 403 3163 Regnat,
418 3102 442 3146 δε
454 3101 479 3147 in
490 3098 602 3149 dominos
613 3103 647 3164 jus
658 3101 730 3148 habet
738 3099 780 3147 illc
788 3098 862 3150 Deos.

263 3175 306 3225 Ille
320 3179 380 3227 mihi
394 3176 474 3243 primo
488 3176 607 3229 dubitenti
624 3179 738 3240 scribere,
753 3175 829 3229 dixit:
