2367 3992
232 416 234 420 .
272 368 327 418 nn
353 306 469 420 Arrun
492 348 683 419 Annum
700 353 738 422 L.
756 354 826 424 ΙΙΙ.
853 377 921 448 255

241 473 371 529 Gratulor:
383 477 433 523 haec
450 488 504 523 aetas
515 475 622 523 moribus
632 490 687 541 apta
698 479 767 525 mein.

207 550 333 617 Nonquia
344 569 408 602 nunc
419 567 486 602 terrae
498 552 590 601 lentum
602 553 741 604 subducitur
757 572 859 617 aurum,

240 631 356 697 Indiaque
368 631 461 681 diverso
472 632 542 681 litore
551 635 644 682 concha
653 638 728 693 yenit.

172 751 176 757 .
207 707 259 756 Nec
270 713 327 776 quia
337 708 475 759 decrescunt
485 708 570 762 effosso
581 729 700 762 marmore
712 729 819 762 montes:
930 727 974 772 ης

240 789 292 837 Nec
304 792 359 855 quia
370 791 476 840 caeruleae
486 792 551 841 mule
562 791 675 856 fugantur
684 809 760 858 aquae.

206 863 254 914 Sed
267 870 322 931 quia
332 868 409 918 cultus
422 869 485 919 adest
497 887 504 928 3
518 887 561 919 nec
573 870 666 920 nostroe
674 874 762 920 mansit
772 873 800 919 in·
806 885 881 919 annos

241 944 365 995 Rusticitas
374 983 381 1007 ‚
391 951 472 1011 priscis
482 948 525 997 illa
537 949 648 1013 superstes
659 952 717 998 avis.

205 1022 257 1071 Vos
274 1040 371 1090 quoque
381 1042 431 1074 non
442 1029 500 1074 caris
510 1043 576 1075 aures
589 1042 686 1076 onerate
696 1027 783 1092 lapillis
792 1061 805 1087 ,

240 1102 310 1162 Quos
321 1102 379 1166 legit
388 1105 413 1151 in
426 1101 497 1152 viridi
510 1102 610 1152 decolor
620 1103 691 1153 Indus
701 1104 772 1169 aqui.
928 1133 977 1178 ψ

205 1179 260 1229 Nec
272 1177 367 1243 prodite
377 1197 458 1245 graves
471 1183 550 1230 insuto
562 1182 663 1230 vestibus
674 1198 754 1230 aurot

239 1257 284 1304 Per
295 1273 352 1321 quas
363 1275 406 1307 nos
418 1262 497 1322 petitis
509 1292 517 1317 ,
529 1261 588 1324 saepe
599 1259 699 1324 fugatis,
710 1275 776 1324 opes.

204 1332 336 1383 Munditiis
346 1339 453 1400 capimur
465 1355 470 1386 :
483 1353 532 1386 non
542 1340 592 1386 sint
600 1338 649 1385 sine
659 1336 710 1401 lege
719 1335 809 1401 capilli.

237 1410 350 1461 Admota
361 1413 468 1462 formam
481 1411 586 1481 dantque
598 1430 732 1480 negantque
743 1430 836 1463 munus.

204 1489 257 1540 Nec
273 1507 347 1555 genus
359 1491 456 1541 ornatis
467 1509 541 1541 unum
551 1492 584 1541 est
593 1491 674 1559 equod
680 1509 800 1559 quamque
812 1490 906 1542 decebit
913 1527 919 1545 ,
926 1514 934 1544 r
942 1515 973 1561 35

238 1567 334 1633 Eligat3
346 1573 370 1618 δι
384 1569 510 1633 speculum
518 1570 627 1619 consulat
636 1585 689 1618 ante
700 1572 778 1619 suum.

205 1646 289 1712 Longa
299 1648 387 1712 probat
398 1647 469 1696 facies
479 1649 562 1710 capitit
571 1645 709 1699 discrimina
718 1651 788 1712 puri:

239 1729 277 1775 Sic
294 1740 343 1774 erat
354 1722 584 1777 ornatitLandaml'a
594 1727 678 1772 comis.
778 1714 784 1726 '

205 1803 326 1868 Exiguum
341 1801 435 1852 summit
447 1800 542 1851 nodum
551 1801 595 1850 tibi
606 1801 686 1850 fronte
694 1800 818 1867 relinqui,

239 1882 276 1930 Ut
286 1897 383 1946 pateant
393 1897 476 1939 aures,
493 1879 648 1930 ora‘rotuuda
662 1878 757 1929 volunt·

206 1959 311 2008 Alterius
326 1963 401 2009 crines'
412 1961 513 2008 humero
523 1960 638 2022 jastentur
648 1972 760 2022 utroque.

240 2038 307 2086 Talis
319 2055 342 2086 es
355 2035 475 2095 assumti,
491 2036 580 2084 Phoebe
599 2051 702 2093 canore,
717 2033 778 2095 lyrai.

205 2114 289 2165 Altera
305 2117 426 2168 sincinnae
439 2115 552 2179 religetur
569 2129 636 2162 more
651 2112 751 2171 Dianae3

238 2193 275 2242 Ut
291 2193 368 2253 solet,
379 2197 491 2245 attonitas
502 2189 557 2244 cim
565 2191 679 2258 penicilla
690 2190 764 2239 ferae,

207 2271 270 2320 Huic
281 2269 349 2320 decet
358 2271 454 2321 inflatos
464 2269 516 2320 laxi
525 2267 619 2336 jacuill'e
631 2269 745 2334 capillos:

239 2347 285 2397 Illa
294 2351 324 2397 sit
335 2348 429 2398 auritus
439 2347 594 2414 impedienda
602 2352 687 2397 cornis.

207 2427 275 2475 Hanc
292 2425 372 2491 placet
386 2429 465 2475 ornari
481 2425 597 2475 testudine
610 2423 749 2487 cylleni.-
785 2452 787 2461 =

239 2504 356 2552 Sustineat
371 2503 460 2551 similes
472 2501 580 2551 llublibua
590 2503 637 2550 illa·
646 2505 720 2555 sinui.

206 2579 254 2631 Sed
263 2581 340 2647 neque
353 2580 448 2631 ramosi·
456 2582 590 2630 numerabis
601 2585 627 2629 in
637 2579 691 2630 ilice
702 2576 815 2645 glandem

239 2660 292 2710 Nec
304 2673 365 2724 quot
374 2675 428 2725 apes
437 2657 533 2722 Hyble‚
544 2675 587 2707 nec
596 2673 656 2724 quot
668 2661 693 2707 in
704 2658 764 2721 Alpe
776 2657 830 2706 ferae
841 2675 849 2716 3

206 2739 259 2788 Nec
270 2740 332 2786 milri
346 2751 384 2788 tot
392 2741 482 2804 positus
493 2753 594 2789 numero
605 2735 775 2802 comprendere
786 2735 820 2786 fas
831 2737 877 2786 est:

239 2814 330 2880 Adjicit
340 2828 436 2866 ornatus
445 2818 554 2882 proxima
565 2831 664 2882 qunque
675 2813 734 2865 dies.
900 2813 904 2818 ’

206 2894 238 2944 Et
254 2894 360 2958 neglecta
374 2893 442 2945 decet
453 2895 541 2945 multas
551 2911 636 2945 comat
650 2897 708 2960 saepe
721 2899 798 2962 jacere

241 2972 378 3021 Hesternam
390 2971 485 3030 credas3
496 2974 538 3022 illa
549 2991 632 3038 repexa
644 2973 719 3023 modb
733 2975 773 3022 est.

208 3051 251 3100 Ars
263 3052 342 3101 casum
354 3052 449 3102 simulet
461 3071 466 3101 :
480 3054 512 3101 sic
525 3052 592 3116 capti
603 3051 699 3103 uitlitin
710 3053 770 3098 urbe
