2367 3992
285 487 352 552 104
390 462 433 532 P.
462 464 648 533 Ournrr
667 471 885 537 NAsours

280 584 408 652 Multaque
419 602 546 652 praeterea,
562 587 649 652 lingue
662 589 782 639 reticenda
794 588 920 650 modeste,

311 664 372 726 Quae
383 663 463 715 feciffe
471 670 556 732 juvat,
566 666 626 716 faita
635 668 722 717 referre
733 667 815 734 pudet.

233 738 247 776 ⁶
252 745 260 789 5
280 742 323 792 Mc
332 745 441 793 miseram
453 744 460 791 i
473 745 549 793 brevis
560 744 669 806 esthaec,
681 750 705 796 δε
716 763 766 796 non
776 764 832 797 vera
842 747 966 812 voluptas.

313 821 377 870 Nam
389 837 414 870 tu
424 838 479 870 curn
490 824 576 872 somno
586 825 678 888 semper
688 826 753 874 abire
764 825 832 874 soles.

280 899 382 949 firmius
394 899 425 948 ri!
440 899 520 965 cupidi
535 899 632 950 tandem
646 908 757 951 coeamus
767 917 887 952 amantes:

312 976 364 1027 Nec
375 994 470 1027 careant
479 978 535 1029 veri
545 977 632 1044 gaudia
641 979 719 1028 nostra
729 979 785 1029 fide.

279 1053 382 1120 Curego
394 1072 431 1106 tot
440 1055 522 1107 viduas
534 1061 600 1122 exegi
608 1056 695 1123 frigida
704 1061 801 1108 nostes?

230 1148 262 1194 70
310 1133 362 1185 Cur
373 1138 443 1185 toties
454 1152 468 1184 a
479 1153 534 1196 me,
547 1136 610 1186 iente
622 1151 730 1196 natator,
740 1137 808 1185 abes?

279 1213 320 1262 Est
336 1230 420 1274 mare,
436 1213 570 1274 confiteor,
583 1212 692 1263 nondum
707 1213 826 1264 tranabile
836 1217 919 1273 nanti;

312 1291 390 1342 Νοᾶε
401 1291 443 1342 sed
452 1293 559 1343 hesterni
570 1292 647 1342 lenior
659 1308 715 1341 aura
725 1292 780 1342 fuit.

280 1368 333 1422 Cur
347 1387 374 1419 ea
390 1374 509 1436 praeterita
519 1371 569 1420 est?
581 1386 623 1419 cur
630 1386 679 1419 non
689 1385 788 1419 ventura
796 1371 916 1419 timebas?

314 1448 376 1497 Tam
387 1448 451 1498 bona
461 1465 503 1498 cur
512 1452 599 1514 periit,
613 1465 656 1497 nec
667 1450 710 1497 tibi
718 1464 786 1514 rapta
796 1451 835 1497 via
845 1447 878 1496 est
888 1450 898 1496 Ξ

231 1549 260 1595 75
280 1527 391 1576 Protinus
400 1542 427 1576 ut
437 1528 521 1576 similis
532 1525 601 1577 detur
610 1528 654 1576 tibi
664 1529 734 1592 copia
743 1526 823 1576 curst'is
829 1544 838 1587 3

313 1605 367 1654 Hoc
377 1605 463 1655 melior
475 1605 553 1666 cerri,
570 1623 619 1673 quo
632 1609 712 1672 prior,
723 1605 766 1654 illa
778 1605 834 1655 fuit.

281 1684 311 1732 At
325 1683 375 1732 cito
390 1698 482 1732 mutata
492 1685 524 1732 est
536 1687 616 1750 jaciati
628 1685 706 1734 forma
715 1682 840 1750 profundi.

313 1761 451 1827 Tempore,
469 1762 525 1811 crim
535 1779 646 1827 properas
657 1798 665 1823 ‚
678 1765 738 1827 sape
749 1766 841 1812 minore
855 1765 932 1813 venis.

280 1839 343 1901 Hic,
359 1855 434 1908 puto,
452 1840 578 1907 deprensus
589 1841 639 1901 nil,
654 1840 720 1908 quod
730 1845 872 1907 querereris,
885 1843 999 1900 habercs3

156 1941 159 1949 ’
233 1924 264 1972 io
313 1919 402 1984 Meque
418 1920 462 1968 tibi
474 1920 583 1985 amplexo
595 1920 662 1969 nulia
672 1934 769 1968 noceret
781 1922 865 1968 hiemo.

281 1994 353 2047 Certe
365 2014 410 2063 ego
422 2012 474 2047 tum
483 2013 567 2049 ventos
578 1996 686 2047 audirem
698 1997 763 2046 lenta
773 2011 899 2058 tonantes,
931 2014 942 2025 ·

313 2074 344 2124 Et
362 2092 495 2142 numquam
505 2075 610 2141 placidas
622 2073 667 2126 effe
678 2092 785 2141 precarer
800 2093 881 2142 aquas.

281 2152 347 2214 Quirl
359 2169 439 2203 tamen
449 2157 543 2210 evenit,
555 2158 637 2203 cursis
649 2158 793 2207 metuentior
805 2153 889 2204 undaei

314 2231 522 2296 Contemtumque
531 2232 596 2296 priris
607 2247 669 2280 nunc
682 2248 776 2280 vereare
787 2233 895 2281 fretum?
958 2239 964 2249 “

232 2308 247 2358 8
252 2326 261 2373 5
281 2309 345 2360 Nam
355 2311 456 2357 memini
467 2341 475 2367 ‚
488 2308 543 2356 crim
555 2324 577 2357 te
586 2311 674 2359 saevum
685 2311 794 2357 veniente
805 2311 936 2375 minaxque

314 2386 372 2435 Non
383 2385 476 2440 minuis,
488 2401 529 2435 aut
542 2387 622 2436 muita
632 2403 682 2435 non
692 2386 788 2445 minuis,
800 2402 881 2451 aequor
893 2403 954 2438 crat.

281 2463 347 2516 cum
359 2466 403 2514 tibi
417 2464 567 2526 clamabam,
583 2467 621 2514 Sic
632 2479 658 2514 tu
669 2469 806 2515 temerarius
818 2464 882 2527 esto,

314 2542 351 2593 Ne
362 2544 452 2593 miserae
463 2547 537 2594 virtus
548 2546 579 2593 sit
590 2559 631 2593 tua
644 2536 722 2594 flenda
731 2547 800 2594 mihi
823 2582 825 2586 -

281 2620 353 2672 Unde
364 2639 439 2672 novus
451 2625 524 2673 timor
534 2625 591 2672 hic?
607 2623 705 2690 quoque
718 2624 761 2672 illa
771 2621 870 2672 audacia
880 2623 959 2689 fugit?

232 2714 266 2763 ,o
314 2700 417 2767 Magnus
427 2704 468 2750 ubi
478 2702 510 2750 est
520 2703 602 2767 spretis
615 2701 657 2751 ilie
665 2717 759 2751 natator
771 2705 836 2768 aquis
848 2706 857 2751 ἓ

281 2780 316 2828 sir
328 2794 407 2828 tamen
416 2782 463 2829 hoc
473 2780 568 2846 potiris,
580 2779 655 2847 quarn
666 2779 733 2846 quod
742 2780 805 2845 prius
816 2778 862 2829 eise
873 2781 964 2831 solebas
975 2802 982 2832 ε

314 2856 345 2906 Et
361 2858 432 2907 facias
447 2857 568 2923 placidum
582 2875 624 2923 per
637 2875 702 2919 mare
718 2872 782 2906 tutus
795 2860 856 2917 itet3

282 2934 349 2986 Dum
360 2934 436 2984 modo
446 2940 475 2984 sis
487 2933 570 2993 idem3
582 2933 641 2982 dum
652 2939 700 2994 sic,
713 2950 740 2984 ut
750 2936 847 2995 scribis,
859 2953 984 2998 amemur3

315 3014 470 3078 Flammaque
482 3028 532 3061 non
550 3010 590 3061 fiat
599 3010 698 3076 frigidus
712 3011 754 3061 illa
765 3016 832 3062 cinis.

233 3091 264 3138 95
283 3094 341 3147 Non
356 3108 401 3158 ego
416 3106 465 3141 tam
475 3106 559 3141 ventos
568 3094 657 3150 timeo,
670 3107 722 3140 mea
732 3107 789 3141 vota
803 3109 942 3159 morantes,

317 3169 416 3237 Quam,
428 3169 613 3232 similiorem,
624 3185 654 3220 ne
665 3185 718 3222 tuus
728 3185 790 3226 erret
799 3186 866 3220 amor
872 3189 883 3231 3
