2367 3992
257 364 314 415 nn
333 347 450 418 ΑΜΕ
474 348 666 417 Annum
692 352 731 419 L
752 354 822 422 III.
840 379 906 446 253

224 467 391 536 Constiterat)
410 469 496 518 folium
507 486 626 536 granaque
636 487 710 535 pauca
721 470 797 521 dedit.

189 546 313 596 Sensimus
324 551 425 613 acceptis
435 565 525 598 numen
537 565 634 614 quoque
644 553 739 613 :purior
750 553 822 599 aether
930 575 940 620 5
946 570 957 620 5

226 626 244 671 F
246 625 320 684 nisit,
332 630 355 674 &
372 640 448 674 eruto
459 629 551 690 pectore
563 631 632 676 cessit
643 643 711 675 onus.

185 701 260 752 Dum
271 705 329 753 facit
343 709 484 769 ingenium,
496 709 569 770 perite
580 709 636 754 hinc
647 721 778 771 praecepta,
794 705 895 771 puella,

224 782 290 841 Quas
305 783 382 846 pudor
394 818 402 841 ‚
418 783 530 848 deleges,
544 788 569 832 δι
580 786 620 832 sua
632 788 684 848 jura
695 787 784 832 sinunt.

183 857 305 908 Venturae
315 878 433 910 memores
443 865 492 926 iam
502 878 566 910 nunc
579 862 652 911 estote
665 863 779 910 senestae‘:

223 939 262 986 Sic
282 939 376 987 nullum
393 941 462 989 vobit
477 954 570 1003 tempus
585 941 660 988 abibit
674 943 745 987 iners.

184 1013 259 1064 Dum
272 1017 342 1076 licet,
356 1020 381 1064 ὃ(
392 1033 461 1064 veros
471 1020 542 1064 etiam
550 1033 613 1064 nunc
625 1015 694 1064 editis
705 1032 797 1076 annos,

223 1093 313 1142 Ludite
327 1113 335 1141 t
347 1109 403 1142 eunt
413 1096 468 1141 anni
480 1110 546 1141 more
560 1093 656 1141 fluentis
669 1111 743 1158 aquae.

184 1169 264 1229 Nec,
277 1188 329 1236 qun
345 1175 472 1235 preteriit,
488 1175 575 1220 iterum
590 1162 739 1220 reuocabirur
749 1168 833 1219 undn:

222 1249 294 1302 Nec,
312 1243 364 1314 quae
378 1253 510 1313 praeteriit,
525 1253 585 1298 horn
596 1249 672 1298 redire
686 1249 770 1314 potest.

183 1325 318 1376 'Utendum
331 1328 363 1374 est
376 1342 445 1376 aetate
459 1347 464 1376 :
477 1331 526 1377 cito
537 1325 597 1392 pede
611 1328 698 1376 labitur
708 1338 782 1376 aetas't
927 1339 956 1389 65

222 1404 275 1452 Nec
293 1405 356 1453 bona
374 1408 556 1470 misequitur,
573 1405 647 1471 quim
659 1408 721 1455 bona
732 1408 809 1470 prima
820 1404 875 1453 fuit.
967 1412 976 1432 ⁸

187 1481 242 1530 Hos
254 1498 319 1546 ego,
337 1486 379 1548 qui
388 1499 474 1532 canent
490 1484 605 1538 frutices,
621 1484 721 1534 violaria
735 1481 800 1534 vidi:

223 1559 275 1607 Hac
286 1562 346 1608 mihi
358 1558 387 1608 de
401 1562 467 1624 spina
481 1577 548 1625 grata
564 1579 654 1611 corona
670 1561 725 1611 data
736 1561 775 1610 est.

190 1635 297 1701 Tempus
310 1641 372 1697 erit,
385 1654 435 1702 quo
450 1653 476 1686 tu
489 1673 497 1697 ,
511 1656 563 1704 quae
573 1655 636 1687 nunc
649 1638 753 1688 excludis
768 1653 905 1697 amantem,

222 1711 319 1778 frigida
334 1712 427 1763 deserti
438 1718 506 1764 noste
517 1718 604 1780 jacebis
614 1733 671 1765 anus
683 1712 690 1765 ὲ
924 1733 959 1775 70

190 1790 242 1840 Nec
263 1806 304 1840 tua
314 1792 429 1842 nosturnd
439 1793 561 1857 frangetur
572 1799 642 1858 janua
651 1793 719 1854 rird,

223 1870 305 1932 Sparsa
314 1887 357 1919 nec
366 1873 470 1922 invenies
481 1871 565 1921 limina
575 1889 645 1922 mane
656 1871 720 1922 rosei.

191 1945 354 2008 Qudm'citd,
373 1967 412 1998 me
430 1951 542 1998 miserum
553 1951 561 1998 Ι·
572 1951 680 2000 laxantur
693 1965 794 2014 corpora
802 1951 867 2014 rugis
877 1983 890 2008 r
907 1948 910 1956 '
922 1959 926 1967 ·

223 2024 255 2072 Et
271 2029 352 2089 perit,
367 2031 392 2075 in
405 2027 484 2076 nitido
498 2033 539 2094 qui
551 2029 667 2090 initote,
678 2028 760 2079 color!

192 2099 303 2166 Quasque
315 2101 382 2152 fuiffe
396 2106 439 2154 tibi
452 2123 520 2154 canas
532 2124 545 2155 a
557 2111 648 2173 virgine
658 2112 739 2173 jures,
923 2121 953 2166 75

222 2180 365 2245 Spargentur
384 2185 465 2232 subitae
478 2203 520 2250 per
530 2202 602 2252 caput
611 2205 684 2237 omne
695 2188 790 2237 come!

190 2255 313 2321 Anguibus
324 2263 415 2309 exuitur
430 2266 495 2311 tenui
511 2281 566 2313 cum
580 2265 642 2330 pelle
657 2266 773 2323 vetustam

222 2335 274 2385 Nec
285 2335 376 2386 faciunt
387 2356 468 2389 cervos
480 2357 570 2391 cornua
579 2346 637 2407 india
649 2346 721 2393 senes.

190 2411 277 2461 Nostra
287 2416 336 2464 sinc
347 2417 437 2466 auxilio
448 2419 542 2481 Fugiunt
552 2421 614 2468 bona
626 2439 632 2468 τ
645 2425 733 2485 carpite
744 2420 848 2480 florem3

223 2491 285 2550 Qui,
300 2496 345 2540 nisi
355 2506 449 2558 carptus
462 2497 507 2543 erit
516 2531 526 2554 ,-
537 2500 635 2561 turpiter
648 2500 697 2562 ipsc
707 2497 785 2547 cadet.
922 2486 954 2534 30

189 2567 276 2624 Adue,
290 2569 356 2634 quod
367 2574 392 2618 &
404 2587 482 2635 pertus
491 2572 581 2622 faciunt
589 2575 696 2623 breviora
707 2579 809 2639 iurent:

222 2649 345 2710 Tempore
360 2650 489 2699 :concinui
503 2648 755 2718 meffesencscitager.

189 2725 298 2775 Latmius
319 2724 456 2787 Endymion
469 2745 518 2777 non
529 2730 561 2778 est
572 2732 632 2788 tibi,
645 2731 729 2789 Luna,
741 2733 840 2781 rubori:

223 2803 274 2852 Nec
294 2802 413 2866 Cephalus
424 2808 495 2854 roseae
507 2805 585 2871 praeda
596 2806 706 2872 pudenda
719 2809 784 2859 Deae.

189 2880 225 2930 Ut
235 2881 321 2930 Veneri
331 2917 337 2933 .
358 2899 429 2947 quem
439 2883 505 2948 luget
518 2883 595 2934 adhuc
605 2923 612 2946 ‚
622 2885 723 2936 donetur
736 2887 825 2937 Adonis
837 2906 849 2946 3
921 2867 950 2929 αἳ

222 2958 293 3008 Unde
312 2961 383 3010 habet
398 2961 489 3012 AEnenn
502 2965 695 3030 Harmonienque
711 2969 778 3018 suos?
839 2986 852 3007 ‘³
871 2966 875 2972 ’

190 3037 226 3087 Ite
240 3055 282 3103 per
297 3040 448 3107 exemplum,
459 3058 532 3108 genus
548 3043 580 3094 n!
592 3045 710 3106 mortale,
723 3045 844 3093 Dearume
871 3043 878 3062 ”·
1010 3062 1016 3083 ι
