2367 3992
513 443 717 522 VrrA.
938 445 985 542 vij

253 568 410 634 Pnorrtre
421 574 567 658 ingenium
579 595 612 633 ac
624 575 726 633 miram
738 569 879 654 pangendi
889 569 985 632 versus

213 650 385 714 saciiitatem
399 654 453 715 fuit
467 657 602 716 universis
615 673 710 738 gratus
722 662 750 713 &
763 672 890 733 acceptus
902 675 912 723 3
927 650 982 713 soli

211 734 345 817 Augusto
362 734 489 807 invisus,
505 759 522 796 a
539 758 597 818 quo
611 757 701 795 annos
715 735 786 794 duos
799 743 826 794 &
840 735 908 814 quin
931 757 984 793 uu-

213 818 294 952 ppnm
310 835 410 888 natus,
423 817 543 878 Tomim
557 819 693 902 relegatus
708 815 746 875 est
760 818 788 876 in
802 815 900 874 urbem
910 756 983 896 icy-

214 913 226 954 t
248 899 280 956 iae
289 898 441 959 barbatam
453 909 479 959 &
489 897 672 979 inhospitum.
682 897 983 980 Relegationisautem

212 977 299 1039 causa
319 999 373 1040 tres
391 980 468 1040 fuere
485 982 551 1040 libri
571 980 605 1040 de
618 981 685 1039 Arte
704 978 851 1048 rimandi,
867 979 916 1058 qui
932 997 985 1037 ta-

209 1078 278 1118 men
297 1065 365 1137 jam·
377 1081 441 1121 ante
456 1083 545 1122 annos
560 1062 658 1121 decem
675 1063 704 1120 in
723 1061 822 1143 vulgus
837 1061 983 1120 exierunt:

210 1137 259 1199 sed
271 1162 339 1203 vera
352 1141 434 1203 causa
446 1144 501 1203 alia
515 1142 568 1203 fuit
580 1190 588 1214 ‚
605 1143 686 1222 culpa
697 1141 824 1211 scilieet,
838 1162 898 1200 non
909 1143 982 1222 poiiss

208 1237 267 1291 tx,
283 1220 334 1283 sed
351 1225 470 1284 alterius.
485 1225 531 1285 Sic
546 1227 623 1283 enim
636 1223 695 1304 ipse
706 1221 790 1283 Trist.
805 1245 831 1283 2.
851 1243 917 1298 103.

276 1327 330 1380 Cur
342 1328 437 1396 aliquid
454 1327 526 1379 vidi?
542 1329 594 1380 Cur
609 1332 681 1378 noxia
695 1329 787 1377 lumina
806 1328 872 1381 feci?

310 1393 362 1444 Cur
377 1394 523 1460 imprudenti
538 1399 636 1459 cognita
652 1395 722 1459 culpa
737 1397 815 1444 mihi?

210 1485 310 1562 Quam
329 1487 441 1567 culpam
458 1486 516 1567 ipse
531 1507 617 1548 vocat
630 1485 820 1566 saepenumero
834 1508 953 1548 errorem
965 1503 980 1560 ,'

208 1567 368 1648 aliquando
386 1566 551 1639 stultitiam,
570 1569 724 1649 aliquandp
740 1571 872 1628 timorem
892 1574 981 1630 errori

211 1648 390 1726 adjunsium.
407 1650 486 1726 Quid
501 1649 584 1730 porro
604 1650 765 1730 imprudens
779 1650 852 1709 vidit
865 1657 875 1709 Ξ
888 1652 979 1711 Aliud

210 1730 272 1789 asiis
295 1731 405 1790 videtur
421 1755 427 1787 :
441 1729 514 1789 mihi
533 1728 565 1789 fit
581 1734 640 1790 veri
655 1733 766 1802 simile,
781 1731 859 1812 quod
872 1732 981 1793 Joanni

210 1809 383 1883 Massonio,
410 1814 470 1871 viro
495 1810 677 1895 sagacissimo
703 1813 866 1872 douissimo
888 1834 923 1871 ue
947 1816 981 1876 in

209 1904 338 1952 mentem
347 1895 444 1965 venit,
456 1915 556 1973 nempe
568 1897 674 1954 crimen
685 1895 766 1954 Juliae
777 1835 897 1975 Augusii
908 1915 980 1974 nep-

209 1975 263 2044 ris,
279 1995 369 2056 quam
389 1996 479 2045 avus,
495 1975 596 2035 eodem
615 1997 673 2055 quo
692 1974 832 2034 Ovidium
850 1994 980 2054 tempore

206 2055 366 2137 relegavit,
377 2058 546 2126 cervisiam,
559 2056 693 2116 utTaciti
703 2056 794 2115 verbis
804 2074 882 2126 utar,
895 2058 979 2115 adul-
1007 2092 1009 2094 v

207 2139 273 2206 terii
284 2136 449 2208 damnavit,
462 2140 625 2218 emovitque
635 2141 664 2197 in
675 2136 792 2216 infidam
809 2137 976 2208 Trimerum,

207 2216 385 2293 standprocul
391 2218 493 2293 Apulis
503 2219 762 2279 litoribus.Videtur
772 2239 865 2278 autem
876 2229 974 2300 poste,

207 2299 286 2380 quod
300 2299 463 2380 imprudens
475 2300 584 2361 viderat
598 2348 607 2373 ,
622 2324 680 2361 non
695 2297 791 2360 celasse
804 2299 870 2360 suos
884 2304 975 2359 comi-

207 2398 265 2453 tes,
280 2403 403 2463 quorum
417 2381 537 2453 famuli,
551 2382 630 2463 quod
643 2404 675 2442 ex
687 2380 779 2452 heris,
792 2402 975 2462 exceperant,

206 2483 264 2522 non
274 2461 398 2524 habuere
409 2466 534 2524 tacitum.
544 2465 590 2524 Sic
601 2465 677 2524 enim
688 2461 779 2524 noster
787 2461 871 2524 Trist.
884 2485 913 2536 4.
924 2483 975 2524 10.

209 2568 256 2616 99·

268 2623 349 2676 Causa
364 2641 441 2685 rueae,
452 2629 540 2675 tundis
555 2625 657 2675 nimitim
669 2642 766 2692 quoque
780 2639 838 2673 nota
848 2659 856 2685 ‚
867 2627 941 2674 ruinae

301 2688 397 2738 Indicio
412 2707 461 2739 non
479 2693 512 2739 est
529 2690 675 2741 testificanda
690 2708 754 2738 meo.

205 2752 271 2814 Quid
282 2754 384 2803 reseram
395 2758 560 2821 comitumque
571 2755 655 2815 nefas,
667 2755 818 2820 famulosque
828 2770 951 2804 nocentes.

205 2831 242 2892 Et
257 2830 344 2892 Trist.
367 2854 392 2908 3.
414 2854 440 2908 5.
463 2855 513 2907 49.

267 2925 345 2975 snscia
363 2925 430 2992 quod
447 2931 537 2976 crimen
553 2925 666 2977 viderunt
684 2927 792 2988 lumina,
808 2929 915 2995 plesion

273 3003 274 3006 ’
299 2992 474 3056 Peccatumque
491 2993 575 3042 oculos
591 2994 624 3042 est
641 2991 746 3042 habuisse
761 3011 851 3044 meum.

203 3082 274 3144 Inde
292 3083 350 3142 laesi
362 3083 497 3164 Principis
514 3087 553 3143 ira
566 3107 631 3143 eum
642 3085 762 3147 Tomim
776 3108 866 3168 petere
879 3090 977 3167 jussit.'

241 3166 291 3226 Vr
302 3185 369 3226 retr
383 3163 474 3227 Tomi
493 3188 582 3228 annos
600 3166 726 3250 septem,
742 3179 769 3232 δι
786 3168 895 3232 menses
909 3170 970 3242 ali<
