2367 3992
313 447 573 512 Hnnotnns.
598 444 671 509 ΕΡ.
697 442 830 511 XVII.
882 468 922 530 91

202 561 265 612 Non
282 565 316 614 cll
326 579 392 616 tanta
402 568 463 615 mihi
475 563 563 615 fiducia
579 569 702 630 corporis,
715 579 742 614 ut
752 580 791 613 me

236 643 363 704 Maxima,
379 645 434 694 teste
446 644 499 693 Dee
508 680 516 704 ‚
526 643 590 693 dona
601 641 670 692 fuille
681 659 773 709 putem.

201 719 331 773 Contenta
342 723 375 772 est
386 723 463 772 oculis
474 727 603 772 hominum
614 739 667 771 mea
679 722 758 772 forma
765 722 863 788 probati
874 741 881 772 e
934 739 975 785 1²5

234 799 367 850 Laudatrix
380 802 460 850 Venus
470 801 502 850 est
515 797 635 852 invidiosa
645 804 714 849 mihi.

202 877 250 928 Sed
267 879 329 930 nihil
340 878 438 930 infirmo
448 897 455 938 3
473 879 544 929 faveo
555 895 652 945 quoque
666 876 776 927 laudibus
787 879 852 928 istis:

236 957 302 1007 Nam
314 975 368 1007 mea
378 974 426 1007 vox
440 973 531 1024 quare,
543 956 609 1022 quod
617 961 698 1022 cupit,
710 953 756 1004 elle
766 960 854 1020 neget?

204 1033 258 1084 Nec
275 1050 301 1083 tu
315 1037 440 1095 succense,
454 1038 557 1083 nimium
569 1036 629 1083 mihi
641 1033 744 1083 creditus
754 1051 827 1099 aegtee

235 1111 317 1161 Tarda
330 1113 391 1162 solet
401 1116 495 1176 magnis
508 1114 577 1161 rebus
588 1109 660 1161 inelle
672 1111 739 1162 fides.
931 1125 976 1170 ¹30

188 1217 190 1220 <
202 1188 284 1238 Prima
298 1207 353 1239 mea
365 1191 482 1254 elligitur
498 1191 584 1240 Veneri
596 1189 709 1255 placuiffe
717 1190 840 1255 voluptas:

235 1266 362 1327 Proxima,
375 1285 413 1316 me
423 1270 500 1317 visam
512 1271 609 1331 premia
620 1270 713 1315 summu
728 1270 772 1316 tibi
785 1286 794 1326 3

202 1340 255 1391 Nec
267 1358 290 1393 te
302 1343 441 1406 Palladios,
459 1362 502 1394 nec
515 1361 537 1394 te
551 1346 651 1394 lunonis
664 1348 768 1394 honores

233 1419 330 1471 Auditis
341 1423 439 1473 Helcnae
450 1422 600 1488 praeposuilse
611 1426 690 1473 bonis.

199 1497 265 1562 Ergo
282 1515 328 1564 ego
335 1501 388 1550 suns
398 1503 490 1551 virtus?
502 1519 548 1566 ego
558 1504 611 1550 sum
625 1503 669 1550 tibi
679 1502 762 1551 nobile
771 1507 890 1569 regnum?
927 1524 969 1572 ¹35

230 1577 316 1627 Ferrea
327 1582 386 1639 sim,
400 1583 418 1629 si
429 1597 478 1629 non
487 1582 533 1628 hoc
545 1597 590 1645 ego
603 1584 681 1645 peetus
693 1599 781 1632 amem.
873 1598 877 1608 ·

197 1652 297 1710 Ferrea,
311 1651 464 1717 credcmlhi,
476 1676 527 1707 non
539 1661 589 1706 sum
600 1677 606 1706 t
616 1658 657 1708 sed
668 1677 747 1710 amne
755 1678 864 1729 repugno

230 1732 320 1803 lllum,
333 1753 406 1802 quem
419 1736 470 1785 fieri
483 1740 522 1786 vix
534 1752 594 1801 puto
604 1735 670 1801 polle
681 1756 772 1789 meum.

197 1809 265 1871 Quid
281 1814 391 1863 bibulum
403 1831 477 1863 curuo
488 1814 639 1880 proscindere
652 1815 707 1864 litus
719 1832 816 1874 watto,

233 1891 354 1958 Spemque
366 1895 431 1958 sequi
442 1909 532 1952 coner,
544 1909 617 1958 quam
630 1893 697 1942 locus
706 1896 754 1958 ipse
766 1899 855 1960 neget?
925 1932 970 1977 ,40

194 1969 255 2018 Sum
266 1967 331 2018 rudis
342 1969 373 2019 ad
383 1971 480 2019 Veneris
493 1971 584 2020 furtum
595 1990 601 2018 z
614 1972 728 2037 nullique
739 1971 854 2033 fidelem,

228 2045 264 2094 Di
275 2050 336 2096 mihi
348 2050 402 2096 sunt
413 2051 495 2109 telles,
509 2049 608 2097 lusimus
623 2065 672 2098 arte
684 2054 771 2099 vitum.

184 2123 269 2174 vNunc
277 2142 388 2191 quoque,
398 2124 465 2190 quod
472 2129 545 2175 tacito
554 2125 644 2176 mando
652 2145 705 2177 mea
716 2130 788 2178 verba
799 2128 901 2192 libello,

227 2203 248 2250 1³
249 2206 345 2268 ungitur
355 2201 437 2252 officio
449 2205 516 2252 litera
526 2206 604 2253 nostra
615 2222 689 2255 novo.

191 2280 284 2349 felices
297 2316 304 2340 ‚
325 2283 411 2346 quibus
422 2284 475 2330 usus
487 2280 563 2331 adest!
584 2300 646 2348 ego,
658 2287 736 2334 nescia
746 2301 826 2335 terum
833 2321 842 2347 ,
921 2314 963 2362 ¹45

224 2357 359 2408 Difficilem
370 2360 446 2424 culpae
464 2362 569 2424 suspicor
584 2359 629 2410 effe
641 2366 715 2410 viam.

190 2436 246 2502 lpse
255 2438 321 2486 malo
333 2453 411 2487 metus
423 2439 470 2486 est:
482 2442 531 2502 jam
543 2456 607 2488 nunc
619 2439 768 2502 confundor,
778 2445 803 2490 δι
814 2456 898 2490 omnes

225 2515 253 2562 ln
262 2515 347 2564 nostris
358 2516 442 2565 oculos
453 2516 559 2565 vultibus
570 2515 616 2566 elle
631 2535 693 2568 reor.

189 2592 245 2643 Nec
257 2611 311 2642 reor
321 2597 368 2644 hoc
378 2595 440 2644 falso
453 2613 459 2643 z
472 2597 531 2644 sensi
543 2595 607 2643 mala
615 2613 737 2644 murmura
747 2595 832 2660 vulgi3

222 2670 256 2719 Et
266 2669 381 2736 quasdam
389 2690 460 2722 voces
471 2673 554 2722 retulit
570 2673 653 2722 AEthra
661 2676 730 2722 mihi.
917 2694 961 2739 ¹50

187 2747 222 2797 At
235 2764 260 2797 tu
275 2748 412 2805 dissimula,
425 2754 470 2800 nisi
482 2754 500 2799 si
512 2748 619 2801 desistere
631 2755 715 2800 mavis.

223 2824 271 2875 Sed
285 2843 327 2875 cur
340 2825 447 2877 desistas?
459 2827 608 2879 dissimulare
618 2845 696 2894 potes.

187 2901 272 2963 Lude,
291 2903 332 2954 sed
343 2903 436 2956 occulte
444 2912 552 2970 einaim,
564 2924 614 2957 non
625 2908 807 2958 maxienanobis

222 2981 263 3030 Est
274 2980 330 3031 data
341 2982 453 3043 libertas,
464 2983 531 3050 quod
539 2987 662 3036 Meneleiis
673 2988 745 3037 abest.

186 3057 235 3109 llle
246 3058 346 3123 quidem
356 3061 440 3124 procul
448 3062 480 3110 est
491 3097 499 3121 ,
511 3067 544 3112 ita
555 3081 578 3113 re
587 3081 704 3130 cogente,
714 3067 840 3130 profectus.
914 3098 955 3142 255

223 3137 315 3207 Magna
330 3137 376 3188 fuit
390 3141 472 3191 subitae
485 3141 590 3209 justaque
605 3146 674 3193 causa
686 3146 744 3194 viae:
