2367 3992
319 536 580 602 Haaoruas,
604 533 677 600 Er.
703 535 763 600 II.
882 557 893 622 5

182 651 277 717 Respice
292 654 408 704 La'e'tten:
421 671 448 704 ut
458 659 507 720 iam
520 656 560 704 sua
571 654 664 703 lumina
674 651 782 714 condas,

213 732 355 782 Extremum
368 734 411 784 fati
424 736 521 785 sustinet
537 735 578 784 ille
595 733 669 784 diem.

182 808 253 858 Certe
264 827 328 876 ego,
345 829 399 878 quae
413 813 521 873 fueram,
534 829 557 863 te
568 811 721 872 discedente,
736 809 835 878 puella,
906 838 947 886 ¹15

214 888 324 936 Protinus
336 905 363 939 ut
372 888 471 952 redeas,
486 891 546 941 faiis
557 889 659 942 videbor
669 906 736 940 anus.

575 1019 882 1062 vu-a—-gp

200 1021 507 1063 «ψῃ-...-
579 1052 616 1060 ..

361 1136 633 1198 EPISTOLA
663 1137 731 1197 11:

261 1267 455 1328 anrs
484 1269 817 1329 Danornoonrr.

183 1356 901 1495 Hostum,Demophoon,ruate,Rhodope'iaPhyllis,

213 1506 285 1556 Ultra
302 1507 445 1572 promissum
457 1525 550 1575 tempus
565 1509 643 1560 abesse
653 1528 749 1577 queror.
774 1523 777 1528 ’

184 1582 283 1634 Cornua
295 1603 351 1635 cum
371 1589 444 1638 Lunae
458 1591 530 1655 pleno
541 1607 625 1657 quater
636 1592 694 1640 orbe
708 1587 827 1649 coissent,

214 1664 337 1722 Litoribus
354 1667 438 1715 nostris
452 1685 538 1717 ancora
554 1672 621 1733 pasin
638 1683 677 1718 tua
693 1669 734 1716 est.

184 1741 248 1790 Luna
267 1758 352 1808 quater
369 1744 452 1804 latuit,
471 1746 542 1810 pleno
553 1762 637 1813 quater
651 1748 708 1795 orbe
719 1748 835 1803 recrevit3
905 1761 916 1804 5

215 1819 267 1868 Nec
280 1823 347 1869 vehit
358 1821 445 1871 Asiaeas
459 1824 564 1871 Sithonis
576 1821 641 1871 unda
652 1838 721 1872 rates.

184 1897 306 1962 Tempora
317 1901 336 1946 si
349 1914 473 1958 numeres,
485 1901 545 1948 bene
555 1916 608 1965 quae
616 1915 769 1948 numeramus
780 1910 903 1951 amantes,

215 1975 274 2024 Non
287 1978 354 2024 venit
362 1992 415 2024 ante
427 1978 494 2025 suum
505 1978 582 2026 nostra
591 1978 688 2042 querela
697 1975 772 2024 diem.

184 2055 239 2118 Spes
251 2070 351 2119 quoque
361 2054 425 2102 lenta
438 2054 500 2102 suit:
513 2051 595 2111 tarde,
609 2070 662 2119 quae
673 2051 763 2128 credira
773 2050 882 2111 laedunt,

215 2128 361 2180 Credimus:
371 2129 447 2179 Inviti
457 2146 518 2178 nunc
531 2133 556 2177 δι
568 2143 679 2187 amante,
691 2143 789 2176 nocent.
908 2139 937 2170 ¹0
1015 2179 1018 2184 ,

185 2207 248 2274 Saepe
266 2207 302 2256 fui
319 2205 421 2256 mendax
436 2224 479 2273 pro
490 2223 514 2256 te
526 2209 601 2265 mihi3
618 2208 677 2270 saepe
691 2193 774 2270 puiavi

215 2286 278 2336 alba
291 2285 439 2351 procellosos
448 2285 501 2334 vela
511 2279 598 2334 referte
608 2299 689 2333 notos.

186 2362 275 2414 Thesea
287 2361 392 2422 devovi,
407 2366 463 2428 quia
475 2378 496 2412 te
509 2361 631 2412 dimittere
646 2362 738 2412 nollet:

216 2439 268 2488 Nec
284 2441 363 2487 tenuit
380 2439 459 2487 cursus
478 2437 576 2486 forsitan
591 2438 633 2485 ilie
645 2452 707 2486 tuos.

186 2515 309 2566 Interdum
320 2519 406 2575 timui,
419 2533 448 2564 ne
461 2550 468 2574 ,
480 2515 537 2564 dum
547 2514 608 2564 vada
619 2513 695 2565 tendis
705 2513 736 2563 ad
746 2515 837 2574 Hebri,
908 2526 934 2570 15

216 2597 296 2645 Mersa
314 2595 378 2645 foret
389 2595 447 2644 cani
464 2594 577 2660 naufraga
589 2598 674 2659 puppis
691 2592 762 2659 aqui.

186 2667 249 2732 Saepe
269 2666 328 2716 deos
342 2668 438 2733 supplex
452 2686 495 2732 pro
509 2683 547 2728 te,
567 2668 697 2726 scelerate,
711 2668 812 2732 rogavi,

216 2742 284 2793 Cum
297 2761 366 2809 prece
379 2747 511 2792 turicremis
523 2742 665 2792 deveneram
677 2747 745 2792 rotis.

184 2821 248 2884 Saepe
263 2819 348 2869 videns
358 2834 442 2870 ventos
454 2821 516 2870 coeio
527 2820 659 2886 pelagoque
672 2820 794 2881 faventes,

215 2899 267 2963 lpsa
286 2901 353 2947 mihi.
364 2896 413 2947 dixi
425 2917 432 2957 3
452 2901 474 2947 Si
486 2900 550 2948 vaiet
561 2901 620 2960 ille,
639 2904 713 2950 venit.
906 2906 935 2937 ²0

184 2973 296 3039 Denique
304 2967 454 3034 fidusamor,
468 2975 582 3041 quicquid
590 2977 769 3041 properantibus
778 2977 869 3038 obstat,

215 3053 311 3110 finxit,
329 3057 353 3101 δι
369 3050 399 3100 ad
408 3054 486 3101 causas
498 3056 619 3117 ingeniosa
632 3055 675 3104 fui.

183 3129 216 3179 At
232 3144 258 3176 tu
271 3129 349 3176 lentus
359 3128 428 3187 abes,
442 3146 486 3177 nec
503 3144 525 3177 te
536 3133 612 3194 jurata
623 3129 741 3180 reducunt

216 3204 344 3268 Numina,
357 3221 401 3257 nec
412 3207 492 3258 nostro
503 3220 584 3256 motus
597 3223 678 3257 amore
690 3206 763 3321 redipp

778 3287 805 3340 11]
