2367 3992
199 245 1031 359 Ἦ

276 559 344 646 184
383 555 881 631 ovrorrAnorvu

238 701 243 711 ’
294 705 973 781 «ἕῳ-,επεὶ

442 834 697 900 ELEGIA
737 832 814 899 IV.

268 929 361 1048 Du
370 1012 407 1046 aa
423 998 477 1057 vir,
489 1000 604 1064 imposito
616 1015 701 1049 tenerae
713 995 810 1048 custode
820 995 926 1064 puella,

301 1078 345 1128 Nil
363 1081 413 1142 agis
429 1097 434 1125 ι
449 1079 546 1141 ingenio
558 1094 658 1143 quaeque
674 1074 762 1126 tuenda
773 1078 825 1125 suo.

269 1158 293 1205 Si
305 1172 370 1220 qua,
383 1169 449 1203 metu
462 1153 545 1204 demto
555 1191 562 1215 ,
576 1155 637 1204 easta
648 1155 696 1215 est,
706 1172 733 1203 ea
745 1153 848 1220 denique
859 1154 921 1205 casta
929 1151 977 1206 est:

300 1232 376 1292 Quae,
390 1236 505 1298 quianon
516 1233 602 1294 liceat,
614 1249 665 1282 non
676 1233 735 1282 facit
742 1268 750 1294 ,
763 1232 806 1281 illa
817 1232 886 1282 facit.

238 1318 248 1364 5
267 1309 302 1360 Ut
311 1314 361 1375 jam
372 1312 469 1360 servaris
481 1315 539 1360 bene
550 1328 637 1376 eorpus
649 1347 657 1372 ,
673 1310 781 1372 adultera
792 1327 861 1360 mens
873 1312 923 1363 est:

299 1389 351 1439 Nec
364 1390 493 1446 custoditi,
503 1395 529 1440 ni
542 1392 617 1447 velit,
628 1391 672 1440 illa
681 1389 768 1456 potest.

266 1467 318 1519 Nec
331 1483 438 1525 mentem
452 1471 543 1520 servare
553 1485 637 1535 potes,
648 1469 705 1517 licet
716 1469 800 1518 omnia
814 1465 912 1517 claudas
923 1486 931 1516 ε

299 1548 418 1597 Omnibus
435 1548 550 1604 occlusis,
567 1552 631 1598 intus
648 1546 742 1597 adulter
757 1541 820 1597 erit.'

267 1625 315 1678 Cui
325 1643 421 1692 peccare
432 1626 503 1686 lieet,
514 1642 598 1692 peccat
608 1630 686 1675 minus
699 1644 704 1674 :
716 1627 765 1691 ipsa
777 1624 881 1692 potestas

222 1717 251 1750 ιο
301 1707 395 1753 Semina
410 1706 522 1770 nequitia
538 1704 689 1770 languidiora
705 1704 773 1753 lacit.

266 1782 369 1843 Desine,
386 1781 455 1831 crede
469 1785 545 1842 mihi,
564 1787 623 1833 vitia
634 1786 725 1832 irritare
741 1779 861 1833 vetando:

299 1861 423 1927 Obsequio
438 1863 518 1913 ¹tincas
536 1862 613 1926 aptius
628 1861 672 1910 illa
684 1877 736 1910 tuo,

266 1939 325 1991 Vidi
337 1957 381 2006 ego
397 1956 471 2006 nuper
482 1956 587 2006 equum,
605 1956 687 1990 contra
700 1942 740 1989 sua
749 1936 831 1989 vincla
844 1951 972 1999 tenacem,

300 2019 347 2068 Ore
361 2019 502 2079 reluiianri‚
516 2019 624 2068 fulminis
636 2022 670 2068 ire
685 2017 770 2068 modo.

220 2109 246 2156 ¹5
266 2096 397 2153 Constitit,
414 2113 440 2146 ut
453 2097 558 2162 primtim
568 2095 689 2148 conceffas
705 2099 777 2146 sensit
791 2095 913 2157 habenas,

298 2176 420 2242 Frenaque
431 2177 456 2224 in
467 2174 541 2225 effusa
552 2176 605 2225 laxa
614 2181 691 2243 Jaeere
701 2177 766 2242 juba.

231 2253 234 2258 ¹
266 2253 374 2304 Nitimur
384 2259 408 2305 in
419 2259 520 2305 vetitum
531 2258 638 2321 semper,
651 2259 806 2320 cupimusque
817 2267 903 2319 negata
914 2271 922 2302 ε

298 2336 336 2383 Sic
348 2332 478 2383 intendistis
493 2338 604 2383 imminet
621 2351 682 2399 aeger
696 2337 771 2400 aquis.

265 2409 373 2463 Centum
388 2412 468 2462 fronte
484 2413 583 2468 oeulos,
600 2429 697 2463 centum
713 2415 804 2461 cervice
815 2412 913 2477 gerebat

218 2499 249 2533 20
298 2489 387 2556 Argus:
399 2493 476 2540 &hos
491 2507 550 2539 unus
561 2492 621 2555 saepe
637 2491 724 2541 fefellit
741 2490 825 2540 Amor.

265 2568 293 2618 ln
304 2569 437 2618 thalamum
448 2569 530 2618 Dana'e'
540 2571 595 2619 saxo
607 2569 716 2636 ferroque
727 2585 857 2634 perennem

298 2648 357 2710 Quae
371 2649 447 2698 fuerat
458 2652 526 2714 virgo
537 2647 642 2710 tradita,
654 2663 729 2697 mater
742 2662 801 2697 erar.

264 2729 382 2794 Penelope
397 2731 500 2783 mansit,
516 2731 625 2794 quamvis
643 2725 739 2776 custode
755 2725 868 2787 carebat,

297 2808 360 2857 luter
379 2823 416 2858 tot
430 2813 525 2875 juvenes
545 2811 684 2857 intemerata
699 2820 812 2871 procos„
924 2810 926 2813 “

217 2907 244 2954 ²5
264 2885 387 2951 Quicquid
401 2889 522 2949 servatur,
534 2890 642 2952 cupimus
652 2887 742 2950 magis5
755 2884 852 2949 ipsaque
864 2882 947 2934 furem
974 2897 976 2901 ·

296 2962 361 3013 Cura
374 2979 463 3014 vocat:
476 2968 545 3029 pauci
555 3000 562 3023 ,
577 2962 644 3029 quod
655 2965 711 3011 sinit
722 2961 792 3017 alter,
803 2977 895 3012 amant.

262 3038 313 3089 Nec
326 3040 385 3090 facie
399 3042 481 3106 placer
489 3042 531 3090 illa
543 3042 598 3100 sul,
610 3039 651 3090 sed
662 3057 743 3090 amore
753 3044 849 3091 mariti:

293 3117 382 3168 Nescio
392 3117 466 3184 quid,
477 3117 544 3184 quod
554 3132 578 3166 te
588 3119 691 3182 ceperit,
704 3117 750 3168 effe
760 3135 855 3184 putant.

261 3195 319 3247 Non
327 3197 402 3262 proba
410 3199 455 3257 sit,
467 3213 539 3263 quam
547 3198 584 3247 vir
592 3197 684 3259 servat,
693 3196 734 3247 sed
742 3196 850 3262 adultera
859 3214 929 3249 :cara
938 3196 983 3258 τῆς

213 3278 243 3324 ³⁰
294 3277 344 3341 lpse
358 3280 431 3327 timor
443 3279 546 3344 pretium
562 3292 662 3343 corpote
676 3282 753 3345 majus
767 3277 848 3328 habet.
