2367 3992
269 487 801 560 nrArrrAnAnnrs.1.
841 511 908 576 219

190 613 277 676 Quidr
293 615 361 679 quasi
368 611 442 660 nauli
453 609 508 659 crlm
520 611 598 674 poscit
607 624 706 658 munera
716 607 786 667 lilr03

227 693 277 751 Et,
292 693 386 757 quoties
397 705 455 754 opus
471 689 518 744 est,
531 689 638 737 nascitur
646 689 696 751 ipsa
706 687 770 734 sibi?
918 699 966 744 430

190 767 262 830 Quid
274 771 282 817 i
301 768 356 817 crim
368 765 477 816 mendaci
492 764 582 814 damno
596 766 743 814 maestissima
754 762 854 830 plorats

226 847 373 913 Elapsusque
386 845 444 894 cavi
459 842 558 908 fingitur
569 860 624 893 aure
634 843 711 907 lapis?

190 925 277 976 Multa
289 917 374 989 rogant
388 921 475 972 utenda
485 921 535 972 dari
547 941 553 971 r
567 921 622 972 data
632 919 732 976 reddere
743 921 840 972 uolunt.

228 1001 327 1059 Perdet
345 1007 369 1051 dc
382 1005 408 1050 in
422 999 510 1050 damno
522 1003 598 1065 gracia
612 1000 679 1049 nulla
688 1015 741 1050 tuo.

189 1077 255 1128 Non
266 1082 342 1139 mihi,
352 1079 474 1143 sacrilegas
482 1082 636 1127 meretricum
644 1093 671 1127 ut
682 1081 811 1145 prosequar
821 1095 882 1130 artes
891 1113 900 1141 ,
917 1092 945 1139 43
954 1093 964 1139 5

227 1156 295 1208 Cum
309 1155 412 1205 totidem
425 1157 529 1219 linguis,
540 1158 587 1204 sint
597 1158 653 1204 satis
662 1172 704 1206 ora
715 1154 808 1208 decem.

190 1234 258 1286 Cera
267 1233 360 1284 vadum
371 1236 534 1291 tentetsrasis
545 1232 625 1281 infusa
636 1233 755 1289 tabellist]

227 1314 293 1365 Cera
306 1327 352 1361 tuae
364 1310 469 1376 primum
480 1313 567 1359 nuncia
577 1315 665 1359 mentis
674 1326 721 1364 eat.

189 1388 328 1441 Blanditias
342 1390 404 1438 ferat
413 1389 455 1438 iiia
466 1404 531 1449 tuas,
541 1392 685 1454 imitataque
695 1404 818 1443 amantem

227 1469 323 1518 Verba:
339 1485 382 1517 nec
397 1471 506 1533 exiguas,
518 1472 626 1535 quisquis
644 1486 684 1528 er,
696 1468 758 1520 adde
769 1488 859 1536 preces.
918 1485 967 1529 440

190 1544 299 1597 Hedera
309 1544 409 1596 donavit
425 1548 535 1606 Priamo,
548 1563 617 1610 prece
627 1562 725 1608 motus,
737 1548 861 1598 Achilles:

228 1628 246 1675 F
248 1625 341 1674 leditur
355 1629 427 1673 iratus
437 1639 497 1673 vote
507 1640 607 1688 rogante
617 1625 692 1674 Deus.

192 1701 326 1753 Promittas
343 1701 432 1751 facito:
443 1700 502 1767 quid
513 1706 577 1750 enim
587 1706 729 1766 promittere
740 1701 825 1754 ladit!

229 1782 347 1831 Pollicitis
360 1778 426 1830 dives
437 1779 539 1844 quilibet
549 1775 596 1828 esse
606 1780 691 1843 potest.

193 1863 252 1926 Spes
264 1875 328 1908 tenet
339 1862 364 1906 in
376 1873 486 1922 tempus,
499 1856 571 1905 semel
584 1857 617 1905 est
627 1861 647 1906 si
658 1855 764 1918 credita,
776 1859 894 1925 longum:
919 1876 963 1921 445

229 1938 273 1987 Illa
285 1936 382 2004 quidem
394 1937 483 1990 fallax,
499 1934 540 1985 sed
551 1950 632 1985 tamen
645 1953 701 2002 apta
712 1937 764 1986 Dea
775 1939 816 1988 est.

194 2019 220 2068 Si
237 2015 331 2067 dederis
345 2013 454 2082 aliquid,
467 2019 556 2080 potetis
567 2019 660 2065 ratione
675 2016 794 2082 relinquit

228 2096 377 2143 Praeteritum
395 2093 492 2151 tulerit,
508 2090 686 2159 perdideritque
696 2093 767 2143 nihil.

195 2171 227 2221 At
244 2168 312 2238 quod
324 2187 373 2220 non
383 2168 474 2220 dederis
484 2205 492 2230 ,
504 2173 595 2235 semper
606 2169 701 2220 videare
712 2169 826 2223 diturus:

228 2252 267 2299 Sic
276 2248 406 2320 ,dominum
421 2248 504 2297 sterilis
520 2250 580 2312 saepe
594 2248 682 2298 fefellit
692 2265 756 2314 ager.
915 2262 962 2306 450

196 2328 251 2386 Sic,
270 2343 301 2375 tre
314 2324 462 2390 perdiderit,
478 2342 527 2374 non
540 2323 614 2375 cessat
624 2326 721 2390 perdere
733 2328 813 2379 lusor:

228 2405 260 2455 Et
274 2420 370 2454 revocat
381 2401 477 2467 cupidas
488 2403 539 2453 alea
549 2403 638 2453 blanda
649 2422 742 2454 manus.

197 2484 250 2535 Hoc
260 2500 335 2548 opus,
348 2484 387 2530 hic
398 2481 465 2530 labor
476 2482 526 2540 eil,
537 2481 617 2545 primo
627 2485 677 2530 siue
688 2499 786 2533 munere
797 2487 880 2550 jungit

230 2561 268 2611 Ne
282 2558 374 2610 dederit
388 2563 476 2623 gratis,
490 2574 544 2622 quae
556 2557 625 2607 dedit
636 2593 644 2618 ,
655 2561 730 2625 usque
741 2559 817 2612 dabit.

197 2637 261 2706 Ergo
273 2655 328 2698 eat,
345 2643 368 2687 δι
384 2634 477 2684 blandis
490 2650 608 2699 peraretur
619 2636 687 2685 litera
696 2638 789 2687 verbis:
914 2657 959 2702 455

229 2717 391 2783 Exploretque
406 2716 514 2772 animos,
526 2716 649 2779 primaque
661 2731 736 2764 tentet
746 2720 800 2764 iter.

197 2796 276 2846 Litera
287 2792 432 2857 Cydippen,
451 2807 526 2856 pomo
537 2791 628 2856 perlata
636 2827 645 2852 ,
662 2792 764 2843 fefellit:

229 2875 353 2938 Insciaque
369 2871 401 2919 est
410 2871 487 2920 verbis
498 2885 566 2935 capta
575 2869 655 2935 puella
666 2873 721 2920 suis.

196 2952 267 3002 Disce
279 2953 353 3001 bonas
365 2963 442 3007 artes,
454 2966 557 3007 moneo,
572 2950 680 2998 Romana
690 2954 814 3016 juventus;

229 3030 289 3081 Non
301 3029 394 3079 tanttlm
405 3062 413 3087 ‚
426 3026 529 3091 trepidos
541 3042 568 3076 ut
579 3042 658 3077 tueare
669 3047 730 3080 reos.

198 3107 280 3170 Qulm
291 3107 409 3172 populus,
420 3103 537 3171 judexque
546 3108 640 3170 gravis,
654 3106 772 3174 lestusque
783 3111 875 3162 senatus
886 3130 894 3172 3

230 3187 294 3237 Tam
308 3184 373 3236 dabit
388 3185 486 3253 eloquio
495 3187 556 3237 viera
565 3183 646 3252 puella
654 3202 747 3237 manus.

913 3060 960 3108 μυ

757 3252 806 3318 xij
837 3236 851 3301 ’,
