2367 3992
281 450 327 529 64
386 442 430 509 P.
458 441 636 509 Ournrr
656 443 881 510 NAsours

278 564 328 628 lpse
339 566 405 613 suam
415 581 465 614 non
473 566 561 629 praebet
571 568 615 613 iter
627 563 750 629 Neptunus
760 562 791 613 ad
801 566 895 613 urbem.

232 650 278 696 130
312 641 367 702 Qud
378 646 461 692 ruitis?
471 645 554 692 vestras
565 645 664 708 quisque
674 642 749 692 redire
760 641 856 692 domos.

278 719 335 781 Qub
347 725 428 779 ruitis,
446 722 544 770 Danai?
555 735 640 770 ventos
655 720 734 770 audite
745 735 860 769 vetantes.

255 799 256 804 ’
311 801 368 850 Non
374 787 450 850 ¹subiti
465 798 529 849 casias
539 834 547 858 ,
559 802 663 847 numinis
674 801 716 848 ista
725 815 793 848 mora
804 799 845 848 est.

279 877 345 939 Quid
357 882 444 943 petitur
459 894 541 938 tanto,
554 881 600 926 nisi
611 880 684 942 turpis
695 876 817 937 adultera,
832 877 915 927 belloi

311 955 377 1004 Dum
393 957 465 1016 licet,
484 957 585 1006 Inachiae
603 959 688 1004 vertite
700 956 753 1005 vela
767 971 836 1005 rates.

233 1031 326 1083 1rrsed
336 1032 394 1100 quid
405 1052 450 1100 ego
461 1051 548 1083 revoco
559 1036 625 1082 haec?
636 1050 708 1082 omen
720 1035 852 1083 revocantis
863 1035 941 1084 abesto
950 1067 962 1089 0

310 1110 448 1178 Blandaque
462 1116 606 1177 compositas
618 1128 673 1161 aura
686 1111 798 1162 secundet
807 1129 887 1177 aquas.

279 1189 379 1239 Troasin
391 1191 505 1241 invideo:
518 1207 571 1256 quae
583 1194 602 1239 si
615 1190 747 1252 lacrymosa
758 1192 855 1239 suorum

309 1269 400 1318 Funera
409 1272 577 1334 conspicient,
594 1285 637 1318 nec
652 1269 736 1333 procul
748 1269 821 1316 bostis
835 1270 896 1329 erit3

277 1346 331 1412 Ipsa
341 1347 387 1396 suis
401 1349 508 1397 manibus
520 1347 578 1396 forti
592 1363 656 1395 nova
665 1361 739 1410 nupta
750 1348 837 1395 marito

234 1446 279 1492 140
313 1427 423 1491 imponet
434 1426 541 1491 galeam,
553 1421 851 1488 barbaraquearmadabit.

278 1503 351 1554 Arma
359 1503 440 1565 dabit:
450 1502 556 1569 dumque
562 1519 628 1550 arma
636 1500 718 1561 dabit,
731 1500 802 1550 simul
812 1500 892 1550 oscula
901 1501 994 1550 suntete

312 1581 365 1630 Hoc
376 1597 448 1645 genus
457 1579 531 1629 officii
539 1578 608 1628 dulce
619 1577 712 1628 duobus
720 1582 774 1628 erit.

279 1657 446 1722 Producetque
454 1663 549 1717 virum,
565 1657 633 1707 dabit
644 1662 668 1707 δι
680 1657 791 1707 mandata
802 1661 905 1708 reverti:

312 1735 343 1785 Et
353 1734 433 1794 dicet3
452 1737 546 1786 Referas
559 1736 599 1786 ista
611 1737 662 1787 face
673 1753 738 1786 arma
748 1737 810 1786 lovi.

234 1813 340 1873 145llle‚
354 1814 430 1864 ferens
442 1812 546 1864 domina
558 1814 671 1865 mandata
681 1819 784 1865 recentia
795 1817 874 1866 secum
881 1851 891 1878 ,

314 1893 432 1958 Pugnabit
442 1891 525 1953 caute,
540 1896 696 1960 respicietque
710 1893 819 1944 domum.

279 1970 413 2021 Exuethaec
421 1970 503 2021 reduci
512 1972 639 2036 clypeum,
652 1973 792 2039 galeamque
802 1973 919 2034 resolvet,

312 2049 467 2116 Excipietque
480 2052 522 2099 suu
534 2053 628 2115 pestora
638 2049 695 2099 lassa
711 2054 772 2100 riou.

280 2127 332 2176 Nos
343 2129 422 2176 sumus
432 2131 541 2177 incertae:
553 2144 597 2176 nos
607 2132 688 2177 anxius
697 2132 778 2178 omnia
787 2130 870 2192 cogit,

234 2223 279 2272 150
312 2204 370 2265 Quae
381 2203 477 2267 poliunt
489 2204 558 2264 fieri,
575 2205 636 2253 faeie
645 2220 727 2270 putare
739 2209 820 2253 timor.

279 2282 346 2331 Dum
358 2297 437 2331 tamen
449 2298 514 2330 arma
524 2298 588 2344 geres
600 2281 693 2330 diverso
704 2283 773 2329 miles
784 2284 810 2328 in
820 2281 895 2339 orbe,

312 2360 370 2421 Quae
385 2359 470 2408 referat
485 2359 565 2407 vultur
580 2358 612 2407 est
623 2361 683 2406 milti
695 2375 747 2407 cera
757 2374 818 2406 tuos.

197 2497 207 2504 ‚
238 2443 242 2451 '
279 2438 319 2488 llli
332 2437 476 2497 blanditias,
486 2437 523 2485 illi
538 2438 582 2486 tibi
594 2435 674 2486 debita
684 2439 756 2487 verba

313 2515 422 2566 Dicimus
431 2535 438 2566 a
448 2516 569 2581 amplexus
580 2518 666 2581 accipit
674 2515 716 2565 illa
724 2532 799 2564 meos.

233 2603 259 2650 15
265 2601 274 2648 i
279 2593 357 2647 Crede
368 2598 428 2647 mihi
438 2614 446 2655 3
458 2594 509 2660 plur
521 2595 565 2649 est,
583 2593 657 2659 quim
665 2592 732 2660 quod
743 2592 866 2645 videatur,
877 2595 973 2660 imago:

312 2672 381 2724 Adde
394 2677 478 2724 sonum
487 2689 544 2722 cerae
554 2708 562 2734 ,
574 2672 716 2722 Protesilaiis
726 2674 779 2720 erit.

279 2753 348 2804 Hanc
361 2755 454 2818 specto.
465 2767 582 2818 teneoque
594 2755 660 2806 sinu,
675 2768 719 2815 pro
729 2754 830 2816 conjuge
841 2766 913 2798 vero:

312 2831 343 2880 Et
355 2845 469 2896 tanquam
480 2835 554 2895 possit
564 2831 635 2879 verba
647 2830 748 2888 referre,
760 2845 855 2894 queror.

279 2909 323 2959 Per
333 2906 436 2969 reditus,
453 2925 585 2973 corpusque
596 2923 679 2966 tuum,
698 2922 750 2955 mea
762 2910 877 2967 numina,
889 2910 958 2973 jur03

233 2987 285 3029 ¹60⁴
314 2988 403 3050 Perque
414 3001 480 3049 pares
490 2988 564 3033 animi
575 2986 727 3050 conjugiique
739 2983 809 3032 faces.

279 3067 385 3131 Perque,
398 3063 408 3131 (
419 3061 485 3129 quod
498 3078 523 3112 ut
537 3061 630 3112 videam
642 3064 705 3110 canis
716 3062 793 3111 albere
808 3061 919 3128 capillisl

313 3141 387 3214 Quod
395 3158 474 3195 tecum
481 3145 554 3209 porris
565 3143 614 3209 ipse
624 3140 709 3192 referre
717 3141 743 3210 l)
754 3157 824 3208 caput
830 3158 839 3202 3
