2367 3992
309 294 315 321 l

313 444 440 513 linat
472 443 523 511 II.
548 441 716 512 neaera
746 406 808 515 Vs.
861 460 930 544 159·
976 488 980 495 .

213 568 306 635 Raptus
320 586 344 618 cs
361 566 452 618 invitlii
463 586 469 616 ι
481 585 530 617 non
541 583 567 618 tu
578 567 628 618 feta
639 561 703 619 bella
711 571 839 620 movebas:
948 588 979 633 ²5

249 647 380 706 Garrulus,
397 651 421 696 &
433 645 531 712 placida
547 650 610 712 pacis
621 664 714 698 amator
729 666 792 698 eras.

213 724 290 783 Ecce,
303 728 436 774 coturnices
447 728 508 774 inter
519 727 559 775 sua
568 726 654 790 proclia
664 731 766 777 vivunt:

248 805 354 852 Forsitan
366 808 391 852 ὅ(
406 803 467 852 fiunt
477 801 532 852 inde
544 804 679 870 frequenter
689 822 755 854 anus.

212 883 301 932 Plenus
315 900 363 930 eras
373 886 475 931 minimo
486 902 491 929 t
504 898 547 930 nec
557 901 605 947 pra
617 886 731 933 sermonis
742 901 826 935 amore

247 962 274 1009 ln
285 961 374 1010 multos
388 978 479 1026 poteras
490 979 532 1010 ora
544 978 627 1011 vacare
639 964 714 1011 cibos.
831 969 835 975 '

211 1038 269 1089 Nux
281 1055 331 1088 erat
346 1042 396 1087 esea
409 1043 470 1098 tibi,
481 1041 601 1105 causaque
613 1059 726 1106 papavera
738 1043 831 1091 somni:

246 1116 399 1183 Pellebatque
410 1123 475 1166 sitim
486 1120 600 1182 simplius
616 1123 702 1168 humor
713 1136 787 1185 aquae.

211 1193 281 1242 Vivit
295 1193 355 1243 edas
364 1197 460 1254 uultur,
472 1193 606 1260 ducensque
616 1213 656 1261 per
664 1204 717 1246 asra
727 1214 798 1262 gyros

245 1269 356 1331 Miluiis,
367 1276 391 1320 &
403 1272 491 1336 pluvia
501 1272 609 1337 graculus
621 1277 701 1323 ausior
713 1291 787 1340 aquae.

209 1345 279 1398 i'ivit
290 1350 442 1398 &armifera
452 1355 534 1400 cornix
544 1352 619 1400 invisa
630 1351 745 1401 Minerva
754 1370 764 1412 3

240 1427 288 1478 Illa
299 1425 398 1493 quidem
412 1428 478 1476 seclis
489 1432 530 1478 virt
545 1433 661 1479 moritura
671 1446 768 1480 novem.

208 1503 311 1554 Occidit
323 1506 365 1554 illa
381 1505 487 1571 loquax,
497 1510 609 1556 humanae
617 1511 683 1557 vocis
693 1511 795 1573 imago,

234 1583 376 1643 Psittacus,
389 1599 494 1633 extremo
505 1601 591 1634 munus
602 1587 631 1634 ab
642 1586 700 1634 orbe
710 1583 806 1634 datum.
869 1652 875 1656 ⁵

208 1661 311 1726 Optima
324 1664 401 1726 prima
416 1663 466 1711 fere
475 1665 583 1711 manibus
594 1667 716 1728 rapiuntur
725 1665 820 1722 anuis}

243 1739 375 1805 Implentur
389 1744 493 1789 numeris
509 1738 628 1790 deteriora
642 1742 696 1790 suis.

207 1817 297 1868 Tristia
308 1816 452 1880 Phyllacidae
463 1819 583 1866 Thersites
596 1817 677 1866 funera
687 1815 767 1868 vidit:

242 1896 342 1961 Jamque
359 1899 434 1954 einis,
452 1898 512 1945 vivis
527 1895 652 1955 fratribus,
670 1895 757 1944 Ηεᾶοτ
775 1909 833 1944 erat.

208 1972 276 2034 Quid
286 1974 388 2022 reseram
399 1971 491 2022 timide
500 1988 575 2037 prote
586 1976 626 2038 pia
635 1988 693 2023 vota
702 1971 803 2037 puellaei

243 2053 324 2110 Vota,
333 2051 469 2116 procelloso
477 2067 518 2116 per
530 2067 595 2098 mare
606 2064 672 2114 rapta
681 2051 760 2100 Noto.

207 2132 315 2195 Septima
327 2130 368 2177 lux
379 2127 477 2186 aderat,
489 2144 539 2178 non
550 2129 681 2177 exhibitura
692 2129 844 2194 sequestretur

242 2208 274 2257 Et
281 2209 356 2257 stabat
365 2206 440 2257 vacui
450 2211 499 2272 Jarn
511 2207 554 2255 tibi
566 2208 638 2256 Parca
648 2206 716 2256 colo:

206 2287 260 2338 Nec
272 2303 353 2336 tamen
363 2290 453 2352 ignavo
462 2285 599 2350 stupuerunt
608 2286 679 2335 verba
689 2285 780 2352 palato.

242 2365 366 2414 Clamavit
375 2367 479 2414 moriens
489 2363 583 2428 lingu23
597 2362 721 2424 Corinna,
732 2365 796 2415 vale.

206 2442 282 2494 Colle
293 2443 335 2491 sub
345 2442 426 2505 Elysio
437 2442 505 2507 nigri
515 2459 599 2490 nemus
610 2440 664 2490 ilice
673 2440 786 2492 frondens
794 2475 808 2504 ,

242 2518 343 2586 Udaque
353 2535 466 2585 perpetuo
477 2523 583 2585 gramine
595 2534 655 2569 terra
663 2523 735 2570 viret.

207 2600 235 2647 Si
247 2615 293 2664 qua
303 2597 360 2648 fider
372 2597 466 2656 dubiis;
477 2597 605 2646 volucrum
617 2597 683 2646 locut
691 2596 734 2645 ille
743 2597 838 2661 piarum
914 2639 918 2647 .

242 2677 352 2736 Dicitur,
366 2677 473 2725 obscenae
485 2692 533 2741 quo
545 2675 701 2739 prohibentur
714 2689 776 2724 aves.

207 2753 262 2802 illic
272 2756 370 2802 innocui
382 2752 430 2804 lati?
439 2755 565 2817 pascuntur
575 2752 668 2800 olores:

241 2832 272 2881 Et
283 2835 352 2884 vivax
362 2835 474 2896 phone,
487 2834 556 2882 unica
565 2831 657 2895 semper
670 2832 730 2880 atis.

206 2909 318 2975 Explicat
330 2911 380 2974 ipsa
393 2913 444 2960 suas
455 2911 502 2960 ales
513 2911 730 2974 sunoniapennase

242 2987 330 3036 Oscula
340 2984 382 3036 dat
392 2987 478 3053 cupido
490 2988 576 3039 blanda
587 2989 700 3040 columba
709 2990 778 3041 mati.

207 3066 325 3116 Psittacus
335 3069 376 3117 has
387 3068 449 3115 inter
458 3102 466 3127 ,
480 3068 597 3117 nemorali
608 3066 661 3117 sede
671 3083 797 3134 receptus,

242 3142 371 3201 Convertit
384 3144 493 3202 volucres
503 3147 528 3197 in
538 3138 579 3196 lua
588 3146 660 3200 verba
669 3150 730 3212 pias.
