2367 3992
254 549 257 560 .
311 511 360 575 94
421 484 464 552 P.
490 483 667 551 Ournzr
691 482 940 550 NAsonrs·

262 607 348 681 225Da
359 609 453 657 veniam
464 602 541 663 saffae3
562 621 612 653 non
622 605 675 652 sunt
683 618 723 651 tua
733 618 831 650 munera
843 602 913 650 tanti.
931 657 935 662 ,

342 686 430 736 Nescio
445 701 493 751 quo
508 682 578 732 tellus
596 699 635 730 me
647 695 711 748 tenet
720 681 763 730 ista
777 678 862 728 ruodo.

308 764 369 825 Quis
380 766 455 821 mihi,
471 766 490 810 si
501 758 585 814 laedar,
599 761 707 824 Phrygiis
715 761 834 807 succurrat
842 759 869 804 iu
879 758 948 805 oris?
1018 792 1021 796 .

341 838 412 890 Unde
428 856 509 905 petam
522 838 622 897 fratres,
639 836 702 886 unde
714 839 817 902 parentis
828 837 919 900 opemi

308 919 398 968 Omnia
411 915 503 966 Medeia
519 915 592 964 fallax
605 917 716 980 promisit
727 916 810 963 lason:
826 927 831 936 ¹

261 1013 307 1060 230
341 994 409 1044 Pulsa
424 995 457 1042 est
471 992 568 1042 AEsonil
579 1010 638 1042 num
649 996 728 1041 minus
738 991 781 1040 illa
791 989 884 1040 domo?

306 1073 364 1124 Non
380 1087 429 1121 erat
440 1071 538 1132 'AEetes‚
551 1069 581 1120 ad
592 1087 664 1137 quem
679 1068 785 1134 despesla
795 1067 908 1129 redireta

338 1150 396 1200 Non
409 1137 475 1215 Ipsda
486 1165 581 1214 patens,
596 1148 778 1213 Chalciopeque
788 1148 865 1196 soror.

236 1235 241 1242 '
303 1228 364 1278 Tale
378 1227 438 1278 nihil
446 1231 519 1277 timeo
528 1246 536 1287 3
548 1225 589 1277 sed
596 1244 638 1276 uec
646 1226 734 1276 Medeia
743 1226 844 1274 timebat
854 1220 868 1273 ε’

336 1307 437 1356 Fallitur
450 1309 549 1372 augurio
560 1307 611 1371 spes
623 1307 685 1354 bona
695 1306 755 1368 saepe
766 1305 817 1352 suo.

256 1383 423 1447 ²350m1¹ib11⁸
434 1387 555 1443 invenies,
569 1400 622 1449 quae
633 1400 697 1432 nunc
712 1385 827 1448 jadantur
840 1383 867 1429 in
880 1380 950 1443 alto,

336 1464 444 1513 Navibus
455 1480 468 1512 a
478 1477 549 1528 portu
560 1462 613 1509 lene
626 1459 693 1510 fuisse
705 1461 803 1509 fretum.

302 1541 351 1590 Fax
366 1556 461 1606 quoque
471 1556 510 1588 me
521 1554 607 1598 terret,
620 1556 692 1604 quam
702 1541 726 1588 se
739 1534 851 1604 peperisse
866 1552 992 1588 cruentam

335 1621 396 1668 Ante
408 1616 471 1667 diem
482 1618 562 1684 parnis
571 1619 603 1666 est
614 1633 655 1667 tua
664 1620 714 1667 visa
724 1634 817 1683 parens.

302 1696 333 1746 Et
345 1705 428 1746 vatum
439 1699 515 1745 timeo
525 1700 646 1757 monitus,
659 1715 718 1762 quos
728 1700 783 1761 igne
791 1695 890 1761 Pelasgo

255 1787 301 1835 ²40
335 1774 398 1823 llion
410 1776 514 1824 arsuram
524 1773 691 1840 praemonuisse
702 1776 790 1824 serunt.

301 1851 383 1918 thue
394 1854 458 1902 favet
468 1851 589 1916 Cytherea
598 1857 642 1902 tibi
652 1890 660 1914 ,
679 1858 736 1921 quia
745 1855 821 1912 vicie,
835 1853 956 1919 habetque

334 1932 402 1979 Parta
411 1948 452 1997 per
463 1933 588 1980 arbitrium
600 1934 655 1981 bina
672 1949 760 1998 tropea
772 1947 855 1989 tuum3

300 2010 338 2058 Sic
347 2010 401 2058 illas
411 2026 494 2059 vereor
502 2028 510 2068 3
519 2025 571 2076 quae
580 2045 589 2071 ,
602 2014 621 2059 si
630 2026 670 2060 tua
682 2012 759 2076 gloria
768 2027 824 2061 vera
832 2010 876 2064 est,

331 2085 415 2136 ludice
432 2103 468 2147 te,
482 2090 576 2136 causam
587 2105 637 2137 non
650 2105 744 2138 tenuere
756 2088 816 2138 duae.

251 2163 350 2231 245Nec
362 2162 464 2223 dubito,
477 2168 535 2230 quin
547 2200 555 2224 ‚
569 2170 622 2214 tesi
633 2170 778 2233 prosequar,
796 2185 862 2217 arma
872 2184 1002 2234 parentare

329 2240 377 2290 Ibit
391 2259 432 2305 per
446 2241 555 2308 gladios,
565 2246 603 2291 hei
615 2245 691 2292 mihil
704 2246 783 2292 noster
793 2263 870 2296 amor.

296 2318 334 2367 An
344 2319 393 2367 sera
403 2319 530 2369 Centauris
540 2317 645 2369 indicere
657 2320 720 2369 bella
731 2326 811 2386 coe'git

328 2395 419 2445 Atracis
429 2397 568 2446 Hemonios
575 2393 737 2462 Hippodamia
744 2402 808 2449 viros
817 2403 827 2449 Ξ

297 2471 335 2521 Tu
352 2474 403 2522 sore
419 2489 469 2523 tam
480 2475 540 2540 justa
552 2475 644 2524 lentum
658 2477 789 2526 Menelaon
799 2483 824 2527 in
835 2483 883 2537 ira,

248 2573 294 2622 ²50
328 2551 359 2600 Et
368 2556 476 2616 geminos
487 2553 584 2613 fratres,
597 2551 799 2622 Tyndareumque
815 2564 900 2623 putas?

296 2630 369 2691 Quod
382 2633 476 2680 bene'te
486 2635 574 2697 jaslas,
587 2637 612 2682 ὅ(
624 2633 697 2682 fortia
709 2635 769 2684 fasta
779 2640 899 2700 recenses,
1000 2659 1004 2664 ·

328 2712 348 2758 Α
360 2712 438 2760 verbis
454 2711 525 2760 facies
537 2710 635 2761 dissidet
648 2713 690 2762 ista
704 2715 759 2764 suis.

294 2785 357 2852 Apta
373 2791 448 2853 magis
459 2789 559 2850 Veneri,
569 2792 648 2856 -quaim
662 2794 715 2841 sunt
730 2809 770 2842 tua
781 2811 882 2860 corpora
894 2794 980 2848 Maru.

327 2866 392 2914 Bella
404 2883 486 2931 gerant
498 2867 571 2917 sortes
583 2889 588 2914 τ
600 2885 639 2930 tu,
653 2871 720 2929 Pari,
732 2873 823 2938 semper
834 2891 896 2923 ama.

245 2942 409 3013 ,ul-leston,
423 2961 495 3009 quem
510 2944 609 3006 laudas,
620 2965 664 3013 pro
676 2964 699 2997 te
709 2966 813 3014 pugnare
821 2954 918 3017 jubetoe

326 3021 414 3069 Militia
430 3022 462 3070 est
480 3027 557 3088 operis
572 3025 646 3074 altera
657 3025 729 3092 digua
742 3031 796 3077 tuis.

293 3096 337 3152 Hi's
347 3116 407 3164 ego,
422 3103 440 3148 si
450 3101 554 3165 saperem
565 3138 573 3162 ‚
592 3103 713 3171 pauloque
723 3106 834 3160 audacior
845 3103 933 3170 essem,

325 3177 411 3229 Uterer
422 3197 428 3230 t
441 3192 520 3232 utetur
530 3215 540 3244 ,
556 3184 575 3232 si
586 3197 634 3249 qua
644 3183 724 3250 puella
733 3185 801 3250 sapit.
