2367 3992
287 476 331 537 7²
386 450 882 519 P.0vrn11Nasouro
945 494 947 497 ψ

284 571 356 622 Hunc
371 572 452 622 Venus
462 573 488 620 in
498 570 587 621 coelurn
599 586 668 620 curru
678 567 775 621 vexiffet
786 572 892 629 eburnoa

317 649 364 700 Sed
372 649 439 702 videt
443 655 478 722 pt
493 651 569 699 Marti
582 646 649 714 polle
664 648 756 714 placere
769 651 820 697 suo.

284 729 306 778 Ο
317 745 361 778 nec
378 726 455 779 adhuc
463 729 572 794 juvenis,
590 743 634 776 nec
641 729 690 792 jam
700 726 769 791 puer!
782 726 846 775 utilis
856 726 928 777 τιυὶ

315 807 337 855 Ο
349 805 435 865 decus,
449 820 519 871 atque
531 808 575 856 aevi
586 804 664 869 gloria
672 821 760 869 magna
771 807 805 853 tui
816 804 823 854 l
835 832 838 842 ·

232 891 263 938 25
281 884 335 933 Huc
346 883 418 941 ades3
430 888 502 950 inque
512 886 593 943 sinus,
606 883 726 942 formose,
738 882 842 933 relabere
851 885 955 940 nostros.

312 963 371 1012 Non
381 978 408 1011 ut
418 979 496 1023 ames,
509 979 568 1021 oro,
579 961 663 1011 verum
674 976 701 1010 ut
711 978 790 1011 amare
802 966 872 1013 sinat.

278 1044 422 1101 Scribimus,
438 1044 464 1090 &
477 1040 590 1102 lacrymis
601 1039 667 1088 oculi
677 1055 787 1088 rorantur
797 1041 898 1091 obortit.

310 1122 394 1185 Aspice
409 1154 417 1180 ‚
430 1119 505 1186 quim
519 1123 549 1168 sit
559 1122 585 1169 in
595 1122 642 1168 hoc
652 1118 731 1168 multa
741 1118 813 1167 lituta
821 1117 887 1169 loco.

277 1201 301 1248 Si
312 1214 446 1249 tamcereus
456 1195 505 1249 eral
516 1201 571 1248 hinc
579 1201 615 1246 ire
626 1233 635 1256 ‚
647 1195 776 1246 modestius
786 1194 857 1256 illes3

230 1291 275 1322 aoo
307 1278 339 1326 Et
349 1276 425 1329 modo
435 1274 545 1336 dixissem
556 1276 626 1326 Lesbi
636 1275 729 1340 puella,
742 1275 804 1325 vale.

275 1355 334 1405 Non
345 1370 425 1405 tecum
433 1356 566 1418 lacrymas,
576 1370 628 1403 non
636 1352 718 1401 oscula
726 1355 819 1403 summa
830 1353 911 1405 tulisti.

307 1435 418 1500 Denique
429 1451 479 1483 non
489 1436 573 1492 timui,
585 1429 652 1497 quod
667 1429 772 1480 dolitura
782 1432 827 1481 fui.

273 1512 317 1562 Nil
332 1511 362 1562 de
372 1528 395 1562 te
405 1527 502 1562 mecum
513 1510 559 1569 est,
576 1512 623 1558 nisi
633 1524 726 1558 tantum
741 1512 827 1574 injuria
838 1529 844 1558 ι
856 1527 900 1560 nec
910 1526 936 1561 tu
949 1547 959 1574 ,

305 1588 441 1639 Admoneat
456 1586 520 1654 quod
534 1603 569 1647 te,
586 1590 671 1652 pignus
682 1591 783 1637 amantis
794 1590 875 1638 habes.

172 1732 175 1737 Ι
226 1668 330 1739 105Non
344 1665 456 1717 mandata
472 1663 527 1715 dedi
537 1682 629 1730 :neque
643 1669 707 1715 enirn
717 1666 831 1724 mandata
841 1665 958 1720 dedissem

304 1745 377 1805 Ulla,
388 1748 435 1794 nisi
446 1759 473 1793 ut
480 1743 557 1795 nolles
566 1747 697 1795 immemor
708 1744 754 1795 effe
767 1750 823 1795 mei.

271 1825 315 1873 Per
325 1825 386 1883 tibi,
396 1826 438 1890 qui
447 1839 582 1888 numquam
591 1821 663 1888 longi
674 1821 794 1878 discedat,
805 1824 918 1873 Amorem
927 1860 938 1886 ,

302 1904 393 1969 Perque
405 1919 493 1953 novem
503 1907 575 1968 juro,
586 1905 685 1951 numina
697 1901 792 1961 nostra,
805 1902 882 1963 Deas,

268 1980 335 2031 Cum
347 1983 407 2030 mihi
416 1982 495 2030 nescio
506 1984 572 2046 quis,
587 1981 692 2045 Fugiunt
705 1995 746 2030 tua
757 1978 860 2044 gaudia,
872 1978 952 2041 dixit3

134 2067 135 2070 ’
221 2077 265 2110 tro
299 2059 350 2108 Nec
361 2076 400 2108 me
411 2058 467 2108 flere
473 2057 531 2118 diu,
545 2075 589 2107 nec
598 2055 699 2123 potuiise
710 2058 787 2123 ioqui.

267 2136 300 2184 Et
315 2137 426 2200 lacrymae
439 2135 537 2186 deerant
548 2136 681 2197 oculis„&
692 2134 774 2199 lingua
783 2134 873 2199 palato.

297 2214 422 2262 Astrifiium
435 2211 516 2277 gelido
529 2213 617 2276 frigore
628 2215 706 2277 pedus
719 2227 777 2260 erat.

264 2289 320 2337 Post
331 2288 405 2355 quim
417 2292 439 2338 se
452 2287 524 2338 dolor
533 2293 643 2348 invenit,
655 2306 698 2338 nec
709 2293 804 2352 pedora
814 2291 912 2355 plangi,

296 2365 347 2416 Nec
357 2364 444 2432 puduit
456 2369 530 2416 scissis
541 2366 660 2416 exululare
672 2370 756 2416 comis.

218 2452 243 2484 ¹¹
248 2454 259 2503 5
264 2445 321 2495 Non
332 2446 417 2506 aliter,
433 2445 508 2512 quim
518 2449 538 2495 si
548 2448 614 2511 gnati
628 2448 667 2510 pia
676 2461 752 2494 mater
766 2443 857 2494 ademti

295 2525 378 2574 Portet
388 2524 418 2575 ad
429 2526 554 2574 exstruiios
565 2541 650 2590 corpus
660 2527 729 2573 inane
740 2540 820 2588 rogos.

262 2601 374 2664 Gaudet,
387 2607 411 2653 δι
423 2621 435 2652 e
445 2603 525 2654 nostro
538 2605 622 2652 erescit
631 2619 730 2652 maerore
740 2601 863 2651 Charaxus

293 2683 373 2731 Frater
385 2701 393 2741 ι
404 2687 429 2732 δι
442 2696 496 2732 ante
505 2682 589 2732 oculos
600 2684 666 2747 itque
677 2678 785 2746 reditque
796 2696 871 2729 meos.

257 2758 340 2823 thue
351 2759 461 2827 pudenda
472 2764 520 2811 mei
529 2759 637 2810 videatur
650 2761 718 2809 causa
727 2757 818 2808 doloris
828 2775 837 2816 3

212 2849 259 2882 ιιο
292 2837 358 2896 Quid
369 2835 437 2887 dolet
445 2842 511 2888 haec?
522 2838 583 2888 certe
596 2838 646 2886 filia
655 2841 730 2897 vivit,
741 2840 783 2885 ait.

257 2915 314 2965 Non
323 2917 453 2964 veniuntin
461 2915 526 2964 idem
536 2914 614 2978 pudor
619 2930 691 2979 atque
701 2931 784 2963 amora
794 2931 867 2964 omne
873 2911 968 2966 ridebat

288 2991 396 3056 Vulgus;
409 3009 473 3040 eram
484 2992 562 3041 lacero
573 2995 652 3057 pedus
661 3008 741 3056 aperta
752 2997 813 3043 sinu.

256 3071 295 3120 Tu
305 3072 366 3118 mihi
377 3086 449 3128 cura,
465 3071 548 3119 Phaon
558 3088 564 3118 ι
574 3085 597 3119 te
609 3073 701 3120 somnia
710 3073 789 3123 nostra
798 3072 913 3124 reducunt
923 3055 944 3132 ·,'

287 3150 386 3199 Somnia
402 3147 508 3200 formoso
523 3146 662 3200 candidiora
672 3148 720 3200 die.

912 3229 968 3283 lllie
