2367 3992
332 456 580 523 Hieromus
597 452 673 520 Er.
698 450 804 520 XVI.
880 452 922 536 85

211 574 268 636 ivit,
288 578 332 634 δι,
351 574 426 636 Idaei,
441 573 530 624 mando
544 575 604 629 tibi,
616 572 677 623 dixit
692 574 781 630 iturus,

239 653 333 704 Curam
345 670 389 718 pro
399 654 468 702 nobis
479 655 592 717 hospitis,
605 667 684 711 uxot,
700 666 764 714 agas.

210 730 318 795 Negligis
329 732 447 789 absentis,
464 731 550 789 testor,
568 727 680 778 mandata
691 730 788 776 mariti:

239 807 306 858 Cura
317 808 362 856 tibi
374 824 424 856 non
437 808 469 857 est
480 809 579 871 hospitis
589 807 639 855 ulla
650 809 694 855 tui.

209 879 332 934 Hunccine
344 899 370 934 tu
381 887 456 950 speres
468 887 591 934 hominem
601 885 754 949 sine'peiiore
765 881 835 933 dotes
894 931 897 938 ,
935 900 978 949 305

239 960 308 1011 Poll'e
318 965 374 1012 satis
386 963 484 1022 formae,
504 962 629 1024 Tyndari,
640 959 707 1013 nolle
719 967 784 1012 tuaei

209 1037 304 1088 Falleris
312 1058 319 1088 s
328 1043 439 1105 ignorat3
450 1057 510 1102 uec,
522 1044 541 1089 si
554 1042 618 1091 bona
627 1044 721 1091 summa
734 1054 829 1106 putaret

240 1117 299 1177 Qu:
315 1133 400 1178 tenet,
418 1133 515 1176 externo
525 1116 631 1168 crederet
646 1119 688 1168 illa
701 1121 764 1168 vito.

209 1191 242 1243 Ut
253 1210 276 1245 te
292 1212 337 1244 rrec
349 1213 402 1245 mea
412 1213 474 1256 vox,
489 1213 532 1245 nec
544 1212 567 1244 te
577 1214 643 1245 meus
658 1193 843 1256 incitandos,

239 1270 360 1337 Cogimur
370 1277 442 1338 ipsius
453 1272 626 1322 commoditate
638 1273 693 1323 frui.
772 1278 774 1283 ’
929 1283 974 1330 310

209 1348 255 1398 Aut
272 1353 360 1399 erimus
371 1351 435 1400 stulti
446 1386 454 1411 ,
467 1354 499 1399 sic
510 1367 537 1400 ut
547 1352 682 1415 superemus
695 1355 720 1400 &
735 1353 828 1416 ipsum,

239 1429 263 1476 Si
275 1443 325 1477 tarn
337 1431 444 1478 secutum
456 1446 548 1495 tempus
562 1431 638 1480 abibit
651 1433 722 1479 iners.

210 1502 275 1569 Paene
286 1508 333 1556 suis
347 1506 377 1557 ad
389 1524 412 1557 te
422 1509 531 1558 manibus
543 1506 641 1558 deducit
651 1525 789 1558 amantem:

238 1581 313 1632 Utere
330 1601 381 1634 non
391 1586 452 1635 vafri
469 1585 622 1650 simplicitate
633 1590 688 1636 viti.

210 1659 263 1710 Sola
279 1665 342 1727 jaces
357 1662 432 1714 viduo
447 1679 496 1713 tam
507 1664 580 1729 longi
596 1667 664 1714 nocte
675 1664 767 1714 cubili:
926 1668 970 1718 3¹5

239 1737 267 1786 In
281 1738 357 1790 viduo
369 1744 436 1805 jaceo
454 1741 518 1791 solus
534 1745 623 1806 &ipse
640 1757 704 1792 toro.

210 1814 243 1864 Te
254 1819 329 1876 mihi,
341 1835 427 1885 meque
438 1820 482 1868 tibi
492 1823 631 1869 communia
638 1818 724 1885 gaudia
733 1824 843 1886 jungant.

239 1893 375 1946 Candidior
390 1895 471 1947 medio
485 1914 532 1947 nox
544 1902 588 1947 erit
602 1897 645 1946 illa
662 1895 709 1946 die.

209 1971 277 2022 Tunc
288 1991 333 2043 ego
341 1975 425 2040 jurabo
439 1978 528 2041 quaevis
541 1978 585 2025 tibi
598 1977 713 2034 numium
724 1989 810 2040 meque

239 2052 374 2118 Astringam
391 2055 468 2102 verbis
482 2055 508 2102 iu
525 2055 588 2103 sacra
599 2059 651 2118 jura
666 2057 721 2102 tuis.
927 2051 972 2096 3²⁰

208 2131 277 2180 Tunc
288 2148 347 2196 ego,
359 2135 379 2180 si
395 2149 444 2181 non
458 2131 491 2180 est
501 2131 573 2180 fallax
588 2131 675 2180 fiducia
685 2130 776 2190 nostri,

240 2207 364 2269 Efficiam,
379 2212 476 2274 ptaeseni
486 2225 512 2258 ut
523 2227 577 2260 mea
587 2227 659 2275 regna
670 2225 743 2275 petas.

208 2289 233 2339 Si
248 2286 339 2354 pudet,
353 2292 378 2337 &
387 2292 492 2347 metuis,
504 2304 533 2336 ne
545 2305 583 2336 me
593 2287 687 2338 videare
697 2290 794 2344 secuta3

241 2366 292 2430 lpse
309 2383 361 2414 reus
373 2369 422 2414 sine
432 2381 455 2416 te
468 2369 574 2415 crim-inis
586 2369 655 2430 hujus
665 2382 730 2431 agar.

207 2441 273 2493 Nam
283 2446 366 2509 sequar
377 2442 470 2508 AEgidae
481 2443 586 2502 fastum,
599 2445 746 2509 fratrumque
762 2457 873 2492 tuorum:
928 2459 975 2505 μς

240 2519 358 2586 Exemplo
373 2526 438 2586 tangi
449 2538 499 2572 nou
508 2526 619 2588 propiore
634 2537 711 2587 potes.

207 2597 244 2648 Te
254 2602 333 2663 rapuit
343 2600 461 2659 Theseus,
476 2604 581 2665 geminas
593 2597 749 2666 Leucippidas
759 2598 796 2647 illi
809 2618 816 2648 ι

241 2677 345 2736 Quartus
362 2682 388 2726 in
405 2679 518 2742 exemplis
531 2680 706 2728 annumerabor
722 2693 776 2742 ego.

208 2755 285 2804 Troia
300 2756 378 2805 classis
390 2755 469 2816 adest,
481 2760 552 2805 armis
563 2757 674 2804 iustrudia
686 2757 804 2820 virisque:

240 2832 294 2881 iarn
315 2833 403 2883 facient
417 2834 502 2883 celeres
514 2851 591 2883 temus
610 2838 635 2883 δι
651 2850 706 2883 aura
717 2835 777 2883 vias.
929 2841 976 2887 3³0

206 2911 256 2961 lbis
271 2909 403 2961 Dardanias
414 2916 496 2978 iugens
506 2917 586 2977 regina
601 2930 642 2979 per
655 2913 736 2968 urbes,

240 2989 325 3054 Teque
335 3007 424 3040 novam
434 2991 514 3041 credet
523 2991 608 3056 vulgus
619 2989 696 3041 adelle
707 2991 794 3041 Deam.

209 3067 313 3136 Quique
331 3067 390 3118 feres
402 3067 502 3134 greffus,
517 3069 647 3120 adolebunt
658 3074 769 3120 cinnama
779 3069 899 3129 flammae,

242 3145 357 3216 Cesaque
371 3149 634 3220 sanguineamuiilima
642 3149 740 3217 planget
752 3151 870 3206 humum,
