<?xml version="1.0" encoding="UTF-8"?>
<!DOCTYPE html PUBLIC "-//W3C//DTD XHTML 1.0 Transitional//EN"
    "http://www.w3.org/TR/xhtml1/DTD/xhtml1-transitional.dtd">
<html xmlns="http://www.w3.org/1999/xhtml" xml:lang="en" lang="en">
 <head>
  <title>
</title>
<meta http-equiv="Content-Type" content="text/html;charset=utf-8" />
  <meta name='ocr-system' content='tesseract 3.04.00' />
  <meta name='ocr-capabilities' content='ocr_page ocr_carea ocr_par ocr_line ocrx_word'/>
</head>
<body>
  <div class='ocr_page' id='page_1' title='image "./povidiinasoniso03ovidgoog_0046.png"; bbox 0 0 2367 3992; ppageno 0'>
   <div class='ocr_carea' id='block_1_1' title="bbox 306 437 902 526">
    <p class='ocr_par' dir='ltr' id='par_1_1' title="bbox 306 437 902 526">
     <span class='ocr_line' id='line_1_1' title="bbox 306 437 902 526; baseline 0 -18"><span class='ocrx_word' id='word_1_1' title='bbox 306 461 352 526; x_wconf 82' lang='lat'>²4</span> <span class='ocrx_word' id='word_1_2' title='bbox 409 439 452 508; x_wconf 88' lang='lat' dir='ltr'>P.</span> <span class='ocrx_word' id='word_1_3' title='bbox 479 437 655 506; x_wconf 72' lang='lat' dir='ltr'>Ovrnrr</span> <span class='ocrx_word' id='word_1_4' title='bbox 680 442 902 508; x_wconf 65' lang='lat' dir='ltr'>Nasonis</span> 
     </span>
    </p>
   </div>
   <div class='ocr_carea' id='block_1_2' title="bbox 174 560 1017 2740">
    <p class='ocr_par' dir='ltr' id='par_1_2' title="bbox 250 560 985 1484">
     <span class='ocr_line' id='line_1_2' title="bbox 303 560 909 627; baseline -0.002 -16"><span class='ocrx_word' id='word_1_5' title='bbox 303 561 360 611; x_wconf 86' lang='lat' dir='ltr'>Vim</span> <span class='ocrx_word' id='word_1_6' title='bbox 371 561 428 610; x_wconf 92' lang='lat' dir='ltr'>licet</span> <span class='ocrx_word' id='word_1_7' title='bbox 438 561 555 627; x_wconf 69' lang='lat' dir='ltr'>appeibs,</span> <span class='ocrx_word' id='word_1_8' title='bbox 573 565 597 610; x_wconf 75' lang='grc' dir='ltr'>δι</span> <span class='ocrx_word' id='word_1_9' title='bbox 610 560 705 626; x_wconf 83' lang='lat' dir='ltr'>culpam</span> <span class='ocrx_word' id='word_1_10' title='bbox 715 565 814 610; x_wconf 86' lang='lat' dir='ltr'>nomine</span> <span class='ocrx_word' id='word_1_11' title='bbox 825 561 889 610; x_wconf 82' lang='lat' dir='ltr'>velet</span> <span class='ocrx_word' id='word_1_12' title='bbox 900 577 909 621; x_wconf 67' lang='grc' dir='ltr'><strong><em>ς</em></strong></span> 
     </span>
     <span class='ocr_line' id='line_1_3' title="bbox 334 640 853 705; baseline -0.002 -15"><span class='ocrx_word' id='word_1_13' title='bbox 334 641 394 701; x_wconf 80' lang='lat' dir='ltr'>Quae</span> <span class='ocrx_word' id='word_1_14' title='bbox 405 645 476 690; x_wconf 84' lang='lat' dir='ltr'>toties</span> <span class='ocrx_word' id='word_1_15' title='bbox 487 656 553 705; x_wconf 78' lang='lat' dir='ltr'>rapta</span> <span class='ocrx_word' id='word_1_16' title='bbox 564 640 610 699; x_wconf 88' lang='lat' dir='ltr'>est,</span> <span class='ocrx_word' id='word_1_17' title='bbox 622 641 723 704; x_wconf 82' lang='lat' dir='ltr'>praebuit</span> <span class='ocrx_word' id='word_1_18' title='bbox 733 641 782 704; x_wconf 84' lang='lat' dir='ltr'>ipsa</span> <span class='ocrx_word' id='word_1_19' title='bbox 793 643 853 704; x_wconf 82' lang='lat' dir='ltr'>rapi.</span> 
     </span>
     <span class='ocr_line' id='line_1_4' title="bbox 300 717 869 768; baseline 0.002 -2"><span class='ocrx_word' id='word_1_20' title='bbox 300 717 334 766; x_wconf 83' lang='lat' dir='ltr'>At</span> <span class='ocrx_word' id='word_1_21' title='bbox 349 735 431 768; x_wconf 82' lang='lat' dir='ltr'>manet</span> <span class='ocrx_word' id='word_1_22' title='bbox 440 720 531 768; x_wconf 81' lang='lat' dir='ltr'>OEnone</span> <span class='ocrx_word' id='word_1_23' title='bbox 537 717 633 767; x_wconf 82' lang='lat' dir='ltr'>fallenti</span> <span class='ocrx_word' id='word_1_24' title='bbox 645 718 705 766; x_wconf 79' lang='lat' dir='ltr'>casta</span> <span class='ocrx_word' id='word_1_25' title='bbox 715 722 817 767; x_wconf 74' lang='lat' dir='ltr'>marito:</span> <span class='ocrx_word' id='word_1_26' title='bbox 867 740 869 761; x_wconf 62' lang='grc' dir='ltr'>ε</span> 
     </span>
     <span class='ocr_line' id='line_1_5' title="bbox 331 795 752 862; baseline -0.007 -16"><span class='ocrx_word' id='word_1_27' title='bbox 331 797 363 846; x_wconf 87' lang='lat' dir='ltr'>Et</span> <span class='ocrx_word' id='word_1_28' title='bbox 373 814 464 862; x_wconf 77' lang='lat' dir='ltr'>poteras</span> <span class='ocrx_word' id='word_1_29' title='bbox 473 795 525 845; x_wconf 85' lang='lat' dir='ltr'>falli</span> <span class='ocrx_word' id='word_1_30' title='bbox 536 796 627 860; x_wconf 82' lang='lat' dir='ltr'>legibus</span> <span class='ocrx_word' id='word_1_31' title='bbox 637 797 685 861; x_wconf 92' lang='lat' dir='ltr'>ipse</span> <span class='ocrx_word' id='word_1_32' title='bbox 697 798 752 844; x_wconf 85' lang='lat' dir='ltr'>tuis.</span> 
     </span>
     <span class='ocr_line' id='line_1_6' title="bbox 253 871 889 941; baseline 0 -18"><span class='ocrx_word' id='word_1_33' title='bbox 253 873 342 924; x_wconf 82' lang='lat' dir='ltr'>¹35Me</span> <span class='ocrx_word' id='word_1_34' title='bbox 353 877 430 936; x_wconf 85' lang='lat' dir='ltr'>Satyri</span> <span class='ocrx_word' id='word_1_35' title='bbox 444 874 529 922; x_wconf 84' lang='lat' dir='ltr'>celeres</span> <span class='ocrx_word' id='word_1_36' title='bbox 542 871 623 940; x_wconf 85' lang='lat' dir='ltr'>(silvis</span> <span class='ocrx_word' id='word_1_37' title='bbox 636 890 681 937; x_wconf 84' lang='lat' dir='ltr'>ego</span> <span class='ocrx_word' id='word_1_38' title='bbox 692 877 752 921; x_wconf 76' lang='lat' dir='ltr'>testa</span> <span class='ocrx_word' id='word_1_39' title='bbox 766 873 889 941; x_wconf 80' lang='lat' dir='ltr'>latebam)</span> 
     </span>
     <span class='ocr_line' id='line_1_7' title="bbox 330 950 985 1016; baseline 0 -16"><span class='ocrx_word' id='word_1_40' title='bbox 330 952 478 1012; x_wconf 84' lang='lat' dir='ltr'>Quaesierant</span> <span class='ocrx_word' id='word_1_41' title='bbox 488 950 588 1016; x_wconf 84' lang='lat' dir='ltr'>rapido,</span> <span class='ocrx_word' id='word_1_42' title='bbox 602 952 671 1000; x_wconf 83' lang='lat' dir='ltr'>turba</span> <span class='ocrx_word' id='word_1_43' title='bbox 680 966 805 1014; x_wconf 84' lang='lat' dir='ltr'>proterva,</span> <span class='ocrx_word' id='word_1_44' title='bbox 825 950 899 1016; x_wconf 72' lang='lat' dir='ltr'>pedet</span> <span class='ocrx_word' id='word_1_45' title='bbox 979 972 985 982; x_wconf 75' lang='lat'><strong><em>¹</em></strong></span> 
     </span>
     <span class='ocr_line' id='line_1_8' title="bbox 298 1027 884 1096; baseline -0.005 -17"><span class='ocrx_word' id='word_1_46' title='bbox 298 1028 506 1096; x_wconf 82' lang='lat' dir='ltr'>Cornigerumque</span> <span class='ocrx_word' id='word_1_47' title='bbox 516 1045 587 1093; x_wconf 87' lang='lat' dir='ltr'>caput</span> <span class='ocrx_word' id='word_1_48' title='bbox 597 1031 655 1093; x_wconf 91' lang='lat' dir='ltr'>pinu</span> <span class='ocrx_word' id='word_1_49' title='bbox 665 1031 802 1093; x_wconf 70' lang='lat' dir='ltr'>praecindus</span> <span class='ocrx_word' id='word_1_50' title='bbox 813 1027 884 1077; x_wconf 74' lang='lat' dir='ltr'>acuti</span> 
     </span>
     <span class='ocr_line' id='line_1_9' title="bbox 329 1104 898 1171; baseline -0.002 -16"><span class='ocrx_word' id='word_1_51' title='bbox 329 1108 422 1156; x_wconf 80' lang='lat' dir='ltr'><strong>Faunus</strong></span> <span class='ocrx_word' id='word_1_52' title='bbox 432 1143 440 1167; x_wconf 90' lang='lat'>‚</span> <span class='ocrx_word' id='word_1_53' title='bbox 456 1111 481 1156; x_wconf 95' lang='lat' dir='ltr'>in</span> <span class='ocrx_word' id='word_1_54' title='bbox 490 1109 614 1156; x_wconf 79' lang='lat' dir='ltr'>immensis</span> <span class='ocrx_word' id='word_1_55' title='bbox 627 1106 676 1171; x_wconf 75' lang='lat' dir='ltr'>qui</span> <span class='ocrx_word' id='word_1_56' title='bbox 687 1121 764 1155; x_wconf 81' lang='lat' dir='ltr'>tumet</span> <span class='ocrx_word' id='word_1_57' title='bbox 774 1104 816 1155; x_wconf 81' lang='lat' dir='ltr'>ida</span> <span class='ocrx_word' id='word_1_58' title='bbox 826 1110 898 1171; x_wconf 77' lang='lat' dir='ltr'>jugis.</span> 
     </span>
     <span class='ocr_line' id='line_1_10' title="bbox 295 1168 878 1251; baseline 0.002 -19"><span class='ocrx_word' id='word_1_59' title='bbox 295 1168 338 1232; x_wconf 76' lang='lat' dir='ltr'>M&#39;e</span> <span class='ocrx_word' id='word_1_60' title='bbox 349 1183 396 1234; x_wconf 85' lang='lat' dir='ltr'>fide</span> <span class='ocrx_word' id='word_1_61' title='bbox 411 1188 550 1251; x_wconf 86' lang='lat' dir='ltr'>conspicuus</span> <span class='ocrx_word' id='word_1_62' title='bbox 562 1186 642 1249; x_wconf 79' lang='lat' dir='ltr'>Trojae</span> <span class='ocrx_word' id='word_1_63' title='bbox 656 1187 763 1232; x_wconf 86' lang='lat' dir='ltr'>munitor</span> <span class='ocrx_word' id='word_1_64' title='bbox 773 1187 878 1233; x_wconf 71' lang='lat' dir='ltr'>armavit:</span> 
     </span>
     <span class='ocr_line' id='line_1_11' title="bbox 250 1258 803 1329; baseline 0.007 -22"><span class='ocrx_word' id='word_1_65' title='bbox 250 1274 294 1319; x_wconf 80' lang='lat'>140</span> <span class='ocrx_word' id='word_1_66' title='bbox 328 1258 371 1311; x_wconf 87' lang='lat' dir='ltr'>ilie</span> <span class='ocrx_word' id='word_1_67' title='bbox 386 1281 444 1312; x_wconf 81' lang='lat' dir='ltr'>meae</span> <span class='ocrx_word' id='word_1_68' title='bbox 457 1264 560 1329; x_wconf 90' lang='lat' dir='ltr'>spolium</span> <span class='ocrx_word' id='word_1_69' title='bbox 569 1265 712 1327; x_wconf 80' lang='lat' dir='ltr'>virginitatis</span> <span class='ocrx_word' id='word_1_70' title='bbox 722 1263 803 1311; x_wconf 83' lang='lat' dir='ltr'>habet.</span> 
     </span>
     <span class='ocr_line' id='line_1_12' title="bbox 294 1339 934 1408; baseline 0.003 -20"><span class='ocrx_word' id='word_1_71' title='bbox 294 1339 323 1390; x_wconf 90' lang='lat' dir='ltr'>Id</span> <span class='ocrx_word' id='word_1_72' title='bbox 335 1358 431 1408; x_wconf 83' lang='lat' dir='ltr'>quoque</span> <span class='ocrx_word' id='word_1_73' title='bbox 443 1341 553 1391; x_wconf 66' lang='lat' dir='ltr'>luciando</span> <span class='ocrx_word' id='word_1_74' title='bbox 561 1361 567 1389; x_wconf 76' lang='lat' dir='ltr'>t</span> <span class='ocrx_word' id='word_1_75' title='bbox 575 1345 627 1405; x_wconf 90' lang='lat' dir='ltr'>rupi</span> <span class='ocrx_word' id='word_1_76' title='bbox 640 1355 720 1389; x_wconf 83' lang='lat' dir='ltr'>tamen</span> <span class='ocrx_word' id='word_1_77' title='bbox 728 1356 805 1403; x_wconf 81' lang='lat' dir='ltr'>ungue</span> <span class='ocrx_word' id='word_1_78' title='bbox 816 1340 934 1404; x_wconf 80' lang='lat' dir='ltr'><strong>capillos,</strong></span> 
     </span>
     <span class='ocr_line' id='line_1_13' title="bbox 326 1418 818 1484; baseline 0 -18"><span class='ocrx_word' id='word_1_79' title='bbox 326 1419 421 1484; x_wconf 83' lang='lat' dir='ltr'>Oraque</span> <span class='ocrx_word' id='word_1_80' title='bbox 436 1423 490 1469; x_wconf 90' lang='lat' dir='ltr'>sunt</span> <span class='ocrx_word' id='word_1_81' title='bbox 499 1419 580 1484; x_wconf 82' lang='lat' dir='ltr'>digitis</span> <span class='ocrx_word' id='word_1_82' title='bbox 591 1421 671 1483; x_wconf 80' lang='lat' dir='ltr'>aspera</span> <span class='ocrx_word' id='word_1_83' title='bbox 681 1418 740 1467; x_wconf 73' lang='lat' dir='ltr'>fasta</span> <span class='ocrx_word' id='word_1_84' title='bbox 751 1421 818 1466; x_wconf 80' lang='lat' dir='ltr'>meis.</span> 
     </span>
    </p>

    <p class='ocr_par' dir='ltr' id='par_1_3' title="bbox 246 1493 965 1717">
     <span class='ocr_line' id='line_1_14' title="bbox 292 1493 904 1562; baseline 0.002 -18"><span class='ocrx_word' id='word_1_85' title='bbox 292 1493 344 1544; x_wconf 88' lang='lat' dir='ltr'>Nec</span> <span class='ocrx_word' id='word_1_86' title='bbox 355 1501 458 1561; x_wconf 90' lang='lat' dir='ltr'>pretium</span> <span class='ocrx_word' id='word_1_87' title='bbox 469 1499 540 1562; x_wconf 88' lang='lat' dir='ltr'>stupri</span> <span class='ocrx_word' id='word_1_88' title='bbox 551 1513 656 1562; x_wconf 77' lang='lat' dir='ltr'>gemmas</span> <span class='ocrx_word' id='word_1_89' title='bbox 664 1512 777 1545; x_wconf 81' lang='lat' dir='ltr'>aurumve</span> <span class='ocrx_word' id='word_1_90' title='bbox 789 1498 904 1560; x_wconf 76' lang='lat' dir='ltr'>poposcit</span> 
     </span>
     <span class='ocr_line' id='line_1_15' title="bbox 325 1575 880 1640; baseline 0 -18"><span class='ocrx_word' id='word_1_91' title='bbox 325 1575 437 1639; x_wconf 90' lang='lat' dir='ltr'>Turpiter</span> <span class='ocrx_word' id='word_1_92' title='bbox 444 1580 574 1640; x_wconf 83' lang='lat' dir='ltr'>ingenuum</span> <span class='ocrx_word' id='word_1_93' title='bbox 585 1592 683 1624; x_wconf 89' lang='lat' dir='ltr'>munera</span> <span class='ocrx_word' id='word_1_94' title='bbox 693 1591 777 1638; x_wconf 88' lang='lat' dir='ltr'>corpus</span> <span class='ocrx_word' id='word_1_95' title='bbox 788 1589 880 1622; x_wconf 91' lang='lat' dir='ltr'>emunt.</span> 
     </span>
     <span class='ocr_line' id='line_1_16' title="bbox 246 1650 965 1717; baseline 0.01 -20"><span class='ocrx_word' id='word_1_96' title='bbox 246 1650 361 1714; x_wconf 81' lang='lat' dir='ltr'>145ipse,</span> <span class='ocrx_word' id='word_1_97' title='bbox 383 1668 445 1701; x_wconf 84' lang='lat' dir='ltr'>ratus</span> <span class='ocrx_word' id='word_1_98' title='bbox 461 1651 575 1717; x_wconf 78' lang='lat' dir='ltr'>dignam,</span> <span class='ocrx_word' id='word_1_99' title='bbox 589 1651 693 1702; x_wconf 78' lang='lat' dir='ltr'>medicas</span> <span class='ocrx_word' id='word_1_100' title='bbox 704 1655 764 1700; x_wconf 89' lang='lat' dir='ltr'>mihi</span> <span class='ocrx_word' id='word_1_101' title='bbox 776 1650 876 1702; x_wconf 84' lang='lat' dir='ltr'>tradidit</span> <span class='ocrx_word' id='word_1_102' title='bbox 886 1667 965 1714; x_wconf 63' lang='lat' dir='ltr'>arten</span> 
     </span>
    </p>

    <p class='ocr_par' dir='ltr' id='par_1_4' title="bbox 174 1727 1017 2740">
     <span class='ocr_line' id='line_1_17' title="bbox 225 1727 817 1797; baseline 0 -19"><span class='ocrx_word' id='word_1_103' title='bbox 225 1735 227 1740; x_wconf 60' lang='lat'><strong><em>⁴</em></strong></span> <span class='ocrx_word' id='word_1_104' title='bbox 322 1727 472 1797; x_wconf 84' lang='lat' dir='ltr'>Admisitque</span> <span class='ocrx_word' id='word_1_105' title='bbox 483 1734 546 1780; x_wconf 69' lang='lat' dir='ltr'>mea&#39;s</span> <span class='ocrx_word' id='word_1_106' title='bbox 557 1730 587 1780; x_wconf 88' lang='lat' dir='ltr'>ad</span> <span class='ocrx_word' id='word_1_107' title='bbox 599 1733 638 1779; x_wconf 83' lang='lat' dir='ltr'>sua</span> <span class='ocrx_word' id='word_1_108' title='bbox 649 1729 712 1779; x_wconf 83' lang='lat' dir='ltr'>dona</span> <span class='ocrx_word' id='word_1_109' title='bbox 725 1746 817 1781; x_wconf 69' lang='lat' dir='ltr'>miuus.</span> 
     </span>
     <span class='ocr_line' id='line_1_18' title="bbox 288 1806 1007 1875; baseline 0.006 -20"><span class='ocrx_word' id='word_1_110' title='bbox 288 1806 453 1875; x_wconf 85' lang='lat' dir='ltr'>Quaecumque</span> <span class='ocrx_word' id='word_1_111' title='bbox 465 1811 537 1858; x_wconf 79' lang='lat' dir='ltr'>herba</span> <span class='ocrx_word' id='word_1_112' title='bbox 547 1825 630 1873; x_wconf 88' lang='lat' dir='ltr'>potens</span> <span class='ocrx_word' id='word_1_113' title='bbox 639 1807 669 1857; x_wconf 85' lang='lat' dir='ltr'>ad</span> <span class='ocrx_word' id='word_1_114' title='bbox 676 1824 747 1872; x_wconf 92' lang='lat' dir='ltr'>opem</span> <span class='ocrx_word' id='word_1_115' title='bbox 756 1842 764 1866; x_wconf 87' lang='lat'><strong><em>‚</em></strong></span> <span class='ocrx_word' id='word_1_116' title='bbox 774 1806 889 1873; x_wconf 82' lang='lat' dir='ltr'>radixque</span> <span class='ocrx_word' id='word_1_117' title='bbox 898 1807 1007 1859; x_wconf 82' lang='lat' dir='ltr'>medenti</span> 
     </span>
     <span class='ocr_line' id='line_1_19' title="bbox 323 1885 806 1952; baseline -0.002 -19"><span class='ocrx_word' id='word_1_118' title='bbox 323 1885 428 1952; x_wconf 80' lang='lat' dir='ltr'>Utilisin</span> <span class='ocrx_word' id='word_1_119' title='bbox 440 1903 493 1936; x_wconf 92' lang='lat' dir='ltr'>toto</span> <span class='ocrx_word' id='word_1_120' title='bbox 504 1889 607 1936; x_wconf 83' lang='lat' dir='ltr'>nascitur</span> <span class='ocrx_word' id='word_1_121' title='bbox 617 1888 688 1945; x_wconf 89' lang='lat' dir='ltr'>orbe,</span> <span class='ocrx_word' id='word_1_122' title='bbox 701 1903 753 1933; x_wconf 83' lang='lat' dir='ltr'>mea</span> <span class='ocrx_word' id='word_1_123' title='bbox 766 1885 806 1934; x_wconf 88' lang='lat' dir='ltr'>est.</span> 
     </span>
     <span class='ocr_line' id='line_1_20' title="bbox 288 1961 1017 2032; baseline 0.001 -21"><span class='ocrx_word' id='word_1_124' title='bbox 288 1961 330 2011; x_wconf 85' lang='lat' dir='ltr'>Me</span> <span class='ocrx_word' id='word_1_125' title='bbox 345 1966 469 2015; x_wconf 79' lang='lat' dir='ltr'>miseram!</span> <span class='ocrx_word' id='word_1_126' title='bbox 482 1963 548 2032; x_wconf 90' lang='lat' dir='ltr'>quod</span> <span class='ocrx_word' id='word_1_127' title='bbox 558 1982 626 2014; x_wconf 82' lang='lat' dir='ltr'>amor</span> <span class='ocrx_word' id='word_1_128' title='bbox 636 1965 727 2013; x_wconf 88' lang='lat' dir='ltr'>nonest</span> <span class='ocrx_word' id='word_1_129' title='bbox 741 1961 888 2012; x_wconf 82' lang='lat' dir='ltr'>medicabilis</span> <span class='ocrx_word' id='word_1_130' title='bbox 899 1963 987 2014; x_wconf 82' lang='lat' dir='ltr'>herbis.</span> <span class='ocrx_word' id='word_1_131' title='bbox 1014 1981 1017 1989; x_wconf 91' lang='lat'>·</span> 
     </span>
     <span class='ocr_line' id='line_1_21' title="bbox 242 2039 837 2108; baseline 0 -19"><span class='ocrx_word' id='word_1_132' title='bbox 242 2041 287 2085; x_wconf 83' lang='lat'>¹50</span> <span class='ocrx_word' id='word_1_133' title='bbox 322 2041 445 2104; x_wconf 80' lang='lat' dir='ltr'>Deficior,</span> <span class='ocrx_word' id='word_1_134' title='bbox 461 2042 563 2108; x_wconf 79' lang='lat' dir='ltr'>prudens</span> <span class='ocrx_word' id='word_1_135' title='bbox 577 2047 651 2101; x_wconf 80' lang='lat' dir='ltr'>artis,</span> <span class='ocrx_word' id='word_1_136' title='bbox 668 2044 696 2090; x_wconf 82' lang='lat' dir='ltr'>ab</span> <span class='ocrx_word' id='word_1_137' title='bbox 712 2057 761 2089; x_wconf 83' lang='lat' dir='ltr'>arte</span> <span class='ocrx_word' id='word_1_138' title='bbox 774 2039 837 2090; x_wconf 71' lang='lat' dir='ltr'>mei.</span> 
     </span>
     <span class='ocr_line' id='line_1_22' title="bbox 174 2111 827 2186; baseline 0.003 -22"><span class='ocrx_word' id='word_1_139' title='bbox 174 2111 176 2114; x_wconf 41' lang='lat'><strong>⁴</strong></span> <span class='ocrx_word' id='word_1_140' title='bbox 287 2116 339 2180; x_wconf 89' lang='lat' dir='ltr'>ipse</span> <span class='ocrx_word' id='word_1_141' title='bbox 357 2135 461 2184; x_wconf 86' lang='lat' dir='ltr'>repertor</span> <span class='ocrx_word' id='word_1_142' title='bbox 473 2125 523 2186; x_wconf 87' lang='lat' dir='ltr'>opis</span> <span class='ocrx_word' id='word_1_143' title='bbox 532 2138 614 2169; x_wconf 80' lang='lat' dir='ltr'>vaccas</span> <span class='ocrx_word' id='word_1_144' title='bbox 625 2117 712 2184; x_wconf 72' lang='lat' dir='ltr'>periise</span> <span class='ocrx_word' id='word_1_145' title='bbox 723 2121 827 2167; x_wconf 81' lang='lat' dir='ltr'>Pheraeas</span> 
     </span>
     <span class='ocr_line' id='line_1_23' title="bbox 318 2197 800 2263; baseline 0.002 -19"><span class='ocrx_word' id='word_1_146' title='bbox 318 2197 415 2258; x_wconf 84' lang='lat' dir='ltr'>Fertur,</span> <span class='ocrx_word' id='word_1_147' title='bbox 429 2203 455 2247; x_wconf 77' lang='lat' dir='ltr'>bt</span> <span class='ocrx_word' id='word_1_148' title='bbox 467 2216 480 2247; x_wconf 85' lang='lat' dir='ltr'>a</span> <span class='ocrx_word' id='word_1_149' title='bbox 490 2199 570 2248; x_wconf 88' lang='lat' dir='ltr'>nostro</span> <span class='ocrx_word' id='word_1_150' title='bbox 580 2201 669 2247; x_wconf 83' lang='lat' dir='ltr'>saucius</span> <span class='ocrx_word' id='word_1_151' title='bbox 680 2202 734 2263; x_wconf 85' lang='lat' dir='ltr'>igne</span> <span class='ocrx_word' id='word_1_152' title='bbox 745 2198 800 2247; x_wconf 85' lang='lat' dir='ltr'>fuit.</span> 
     </span>
     <span class='ocr_line' id='line_1_24' title="bbox 286 2273 934 2342; baseline 0.006 -20"><span class='ocrx_word' id='word_1_153' title='bbox 286 2273 360 2334; x_wconf 89' lang='lat' dir='ltr'>Quod</span> <span class='ocrx_word' id='word_1_154' title='bbox 375 2293 451 2342; x_wconf 88' lang='lat' dir='ltr'>neque</span> <span class='ocrx_word' id='word_1_155' title='bbox 462 2279 607 2341; x_wconf 82' lang='lat' dir='ltr'>graminibus</span> <span class='ocrx_word' id='word_1_156' title='bbox 617 2278 687 2326; x_wconf 82' lang='lat' dir='ltr'>telius</span> <span class='ocrx_word' id='word_1_157' title='bbox 698 2273 800 2325; x_wconf 76' lang='lat' dir='ltr'>fecunda</span> <span class='ocrx_word' id='word_1_158' title='bbox 810 2274 934 2339; x_wconf 76' lang='lat' dir='ltr'>creandis,</span> 
     </span>
     <span class='ocr_line' id='line_1_25' title="bbox 319 2344 869 2419; baseline 0.002 -18"><span class='ocrx_word' id='word_1_159' title='bbox 319 2353 370 2402; x_wconf 88' lang='lat' dir='ltr'>Nec</span> <span class='ocrx_word' id='word_1_160' title='bbox 386 2355 469 2415; x_wconf 82' lang='lat' dir='ltr'>Deus;</span> <span class='ocrx_word' id='word_1_161' title='bbox 485 2357 599 2404; x_wconf 85' lang='lat' dir='ltr'>auxilium</span> <span class='ocrx_word' id='word_1_162' title='bbox 612 2371 636 2404; x_wconf 93' lang='lat' dir='ltr'>tu</span> <span class='ocrx_word' id='word_1_163' title='bbox 650 2344 713 2403; x_wconf 89' lang='lat' dir='ltr'>mihi</span> <span class='ocrx_word' id='word_1_164' title='bbox 722 2355 783 2402; x_wconf 89' lang='lat' dir='ltr'>ferre</span> <span class='ocrx_word' id='word_1_165' title='bbox 792 2371 869 2419; x_wconf 85' lang='lat' dir='ltr'>potes.</span> 
     </span>
     <span class='ocr_line' id='line_1_26' title="bbox 239 2430 873 2499; baseline 0.003 -20"><span class='ocrx_word' id='word_1_166' title='bbox 239 2430 316 2492; x_wconf 83' lang='lat' dir='ltr'>155Et</span> <span class='ocrx_word' id='word_1_167' title='bbox 327 2448 393 2495; x_wconf 88' lang='lat' dir='ltr'>potes</span> <span class='ocrx_word' id='word_1_168' title='bbox 405 2468 413 2492; x_wconf 90' lang='lat'>,</span> <span class='ocrx_word' id='word_1_169' title='bbox 427 2438 451 2482; x_wconf 72' lang='grc' dir='ltr'>ὃ(</span> <span class='ocrx_word' id='word_1_170' title='bbox 461 2438 536 2483; x_wconf 89' lang='lat' dir='ltr'>merui</span> <span class='ocrx_word' id='word_1_171' title='bbox 546 2454 551 2481; x_wconf 76' lang='grc' dir='ltr'><strong>ι</strong></span> <span class='ocrx_word' id='word_1_172' title='bbox 561 2433 639 2499; x_wconf 82' lang='lat' dir='ltr'>dignae</span> <span class='ocrx_word' id='word_1_173' title='bbox 651 2435 759 2481; x_wconf 82' lang='lat' dir='ltr'>miserere</span> <span class='ocrx_word' id='word_1_174' title='bbox 774 2433 873 2496; x_wconf 77' lang='lat' dir='ltr'>puessaee</span> 
     </span>
     <span class='ocr_line' id='line_1_27' title="bbox 318 2510 853 2577; baseline 0.002 -19"><span class='ocrx_word' id='word_1_175' title='bbox 318 2510 375 2560; x_wconf 90' lang='lat' dir='ltr'>Non</span> <span class='ocrx_word' id='word_1_176' title='bbox 389 2529 433 2577; x_wconf 85' lang='lat' dir='ltr'>ego</span> <span class='ocrx_word' id='word_1_177' title='bbox 445 2529 499 2561; x_wconf 87' lang='lat' dir='ltr'>curn</span> <span class='ocrx_word' id='word_1_178' title='bbox 510 2513 599 2562; x_wconf 81' lang='lat' dir='ltr'>Danais</span> <span class='ocrx_word' id='word_1_179' title='bbox 610 2529 675 2561; x_wconf 80' lang='lat' dir='ltr'>arma</span> <span class='ocrx_word' id='word_1_180' title='bbox 685 2526 782 2560; x_wconf 87' lang='lat' dir='ltr'>cruenta</span> <span class='ocrx_word' id='word_1_181' title='bbox 793 2511 853 2560; x_wconf 79' lang='lat' dir='ltr'>fero.</span> 
     </span>
     <span class='ocr_line' id='line_1_28' title="bbox 286 2585 882 2656; baseline 0.005 -21"><span class='ocrx_word' id='word_1_182' title='bbox 286 2585 331 2636; x_wconf 85' lang='lat' dir='ltr'>Sed</span> <span class='ocrx_word' id='word_1_183' title='bbox 342 2603 382 2637; x_wconf 82' lang='lat' dir='ltr'>tua</span> <span class='ocrx_word' id='word_1_184' title='bbox 393 2592 460 2650; x_wconf 88' lang='lat' dir='ltr'>sum,</span> <span class='ocrx_word' id='word_1_185' title='bbox 476 2605 602 2656; x_wconf 90' lang='lat' dir='ltr'>tecumque</span> <span class='ocrx_word' id='word_1_186' title='bbox 613 2591 648 2638; x_wconf 92' lang='lat' dir='ltr'>fui</span> <span class='ocrx_word' id='word_1_187' title='bbox 659 2590 787 2653; x_wconf 74' lang='lat' dir='ltr'>puerilibus</span> <span class='ocrx_word' id='word_1_188' title='bbox 797 2592 863 2638; x_wconf 81' lang='lat' dir='ltr'>annis</span> <span class='ocrx_word' id='word_1_189' title='bbox 873 2605 882 2638; x_wconf 72' lang='lat' dir='ltr'>t</span> 
     </span>
     <span class='ocr_line' id='line_1_29' title="bbox 285 2665 880 2740; baseline 0 -25"><span class='ocrx_word' id='word_1_190' title='bbox 285 2665 316 2715; x_wconf 82' lang='lat' dir='ltr'>Et</span> <span class='ocrx_word' id='word_1_191' title='bbox 330 2681 369 2718; x_wconf 81' lang='lat' dir='ltr'>tua</span> <span class='ocrx_word' id='word_1_192' title='bbox 380 2668 468 2739; x_wconf 75' lang='lat' dir='ltr'>‚quod</span> <span class='ocrx_word' id='word_1_193' title='bbox 478 2670 579 2740; x_wconf 86' lang='lat' dir='ltr'>superest</span> <span class='ocrx_word' id='word_1_194' title='bbox 590 2671 717 2733; x_wconf 82' lang='lat' dir='ltr'>temporis,</span> <span class='ocrx_word' id='word_1_195' title='bbox 733 2665 780 2717; x_wconf 83' lang='lat' dir='ltr'>effe</span> <span class='ocrx_word' id='word_1_196' title='bbox 788 2682 880 2734; x_wconf 81' lang='lat' dir='ltr'>precor.</span> 
     </span>
    </p>
   </div>
   <div class='ocr_carea' id='block_1_3' title="bbox 580 2900 727 3009">
    <p class='ocr_par' dir='ltr' id='par_1_5' title="bbox 580 2900 727 3009">
     <span class='ocr_line' id='line_1_30' title="bbox 580 2900 727 3009; baseline 0 0"><span class='ocrx_word' id='word_1_197' title='bbox 580 2900 699 2978; x_wconf 54' lang='lat' dir='ltr'><em>m</em></span> <span class='ocrx_word' id='word_1_198' title='bbox 725 3004 727 3009; x_wconf 94' lang='lat'><em>.</em></span> 
     </span>
    </p>
   </div>
   <div class='ocr_carea' id='block_1_4' title="bbox 809 3156 994 3245">
    <p class='ocr_par' dir='ltr' id='par_1_6' title="bbox 809 3156 994 3245">
     <span class='ocr_line' id='line_1_31' title="bbox 809 3156 994 3245; baseline 0 -1"><span class='ocrx_word' id='word_1_199' title='bbox 809 3156 994 3245; x_wconf 74' lang='lat' dir='ltr'>nrtsroit</span> 
     </span>
    </p>
   </div>
   <div class='ocr_carea' id='block_1_5' title="bbox 0 0 1188 3992">
    <p class='ocr_par' dir='ltr' id='par_1_7' title="bbox 0 0 1188 3992">
     <span class='ocr_line' id='line_1_32' title="bbox 0 0 1188 3992; baseline 0 0"><span class='ocrx_word' id='word_1_200' title='bbox 0 0 1188 3992; x_wconf 95' lang='lat' dir='ltr'> </span> 
     </span>
    </p>
   </div>
  </div>
 </body>
</html>
