2367 3992
240 587 870 686 1500r1n11AMonur1

188 728 217 773 ,o
267 718 298 767 Et
308 719 348 768 sua
360 733 415 766 cum
426 715 498 766 Gallo
508 729 566 765 nota
577 715 675 777 Lycoris
687 716 740 762 erit.

235 796 316 864 fago.
328 795 383 847 crim
393 795 486 856 silices,
503 793 559 844 crim
578 790 635 843 dens
650 794 761 858 patientis
771 791 861 852 aratri,

268 874 402 940 Depereant
412 889 480 932 avo,
492 875 598 921 carmina
607 887 686 923 morte
696 886 787 925 carent.

236 951 333 1004 Cedant
347 953 490 1002 carminibus
505 953 596 1016 Reges,
615 951 755 1016 Regumque
771 951 907 1015 triumphi:

267 1030 347 1083 Cedat
359 1035 384 1080 δι
394 1030 490 1080 auriferi
501 1033 552 1096 ripa
563 1031 632 1080 beata
645 1031 714 1095 Tagi.

189 1113 215 1162 ³5
235 1109 300 1160 Vilia
315 1111 415 1158 miretur
424 1108 509 1174 vulgus
521 1109 599 1158 :mihi
610 1105 685 1158 flavus
698 1106 788 1173 Apollo

267 1188 358 1239 Pocula
368 1186 472 1240 castalia
484 1187 554 1252 plena
564 1185 681 1236 ministret
693 1187 764 1253 aqui.
802 1210 806 1218 ·

236 1265 413 1334 Sustineamque
427 1265 498 1316 tornai
508 1279 656 1315 metuentem
666 1264 757 1330 frigora
770 1280 879 1328 myrtum
890 1282 898 1313 ε

268 1347 346 1412 Atque
362 1363 376 1395 a
386 1345 481 1395 solicito
491 1343 581 1394 multus
592 1357 687 1393 amante
698 1342 773 1409 legar.

236 1424 341 1473 Pascitur
357 1427 383 1473 in
396 1425 456 1475 vivis
466 1423 554 1473 Livor:
563 1421 615 1487 post
627 1421 677 1470 sata
687 1423 805 1487 quiescit,

186 1505 218 1549 40
267 1502 332 1555 Crim
345 1505 398 1553 suus
409 1520 437 1552 ex
448 1505 535 1554 merito
546 1516 665 1567 quemque
677 1515 756 1550 tuetur
766 1501 856 1548 honos.

128 1573 130 1578 ¹
236 1582 300 1648 Ergo
317 1584 407 1641 etiam,
425 1579 480 1629 crim
496 1596 534 1627 me
545 1579 667 1642 supremus
681 1574 788 1627 adederit
799 1578 881 1640 ignis,

270 1661 374 1711 Vivam:
387 1674 487 1729 parsque
504 1658 552 1706 mei
567 1656 645 1705 multa
655 1656 768 1723 superstes
785 1657 840 1703 erit.

156 1819 164 1833 κ
241 1783 956 1860 mammaemamma-
1030 1759 1058 1843 Ρ

299 1917 488 1984 LIBER
537 1913 894 1984 SECUNDUS.
1042 1915 1046 1927 '

256 2053 939 2126 ⁴-·—-—--·*’=a‘ssre-‘-====a
1045 2073 1058 2134 2„

338 2171 855 2262 normann-rrum
1047 2233 1053 2280 r

241 2264 310 2380 H
319 2347 358 2381 oc
375 2349 471 2398 quoque
482 2337 623 2399 composui,
636 2333 739 2400 Pelignis
749 2349 819 2384 natus
828 2336 943 2403 aquosis,
1035 2326 1038 2361 ³

271 2410 316 2460 Ille
327 2427 372 2475 ego
383 2413 494 2476 nequitia
506 2411 570 2460 Naso
582 2418 653 2476 po‘e'ta
665 2430 733 2462 meae.
1036 2387 1058 2438 ’1

190 2497 244 2546 Hoc
255 2506 351 2557 quoque
362 2493 429 2555 jussit
441 2493 527 2538 Amor:
534 2490 618 2555 procul
626 2493 698 2550 hinc,
709 2491 793 2557 procul
802 2491 857 2553 elle,
866 2493 959 2541 severae:

273 2568 330 2618 Non
343 2568 394 2616 eslis
407 2571 492 2635 teneris
503 2584 556 2634 apta
568 2571 660 2619 theatra
669 2569 759 2620 modis.

209 2667 219 2710 5
239 2650 280 2700 Me
297 2648 360 2713 legat
372 2650 398 2696 in
410 2649 490 2713 sponsi
500 2647 560 2697 facie
571 2665 621 2699 non
631 2646 718 2714 frigida
729 2651 811 2714 virgo:

271 2727 303 2779 Et
314 2724 378 2776 rudis
391 2730 476 2794 ignoto
488 2730 657 2783 tastustamore
670 2745 735 2793 puer.

239 2807 317 2874 Atque
328 2808 413 2874 aliquis
423 2811 536 2874 juvenum
547 2843 555 2868 ‚
567 2823 616 2873 quo
627 2824 690 2856 nunc
701 2823 746 2872 ego
757 2843 764 2866 ‚
774 2809 865 2858 saueius
878 2825 952 2870 arcu,

272 2887 391 2949 Agnoscat
404 2883 508 2935 flammae
523 2887 618 2934 conscia
629 2889 697 2952 signa
711 2888 774 2935 suae:

239 2961 388 3030 Miratusque
404 2962 461 3024 diu,
472 2965 544 3025 Quo,
556 2961 637 3022 dicat,
649 2965 678 3013 ab
687 2962 768 3014 indice
779 2958 862 3018 dusius

195 3050 223 3083 ¹0
275 3040 421 3106 Composuit
435 3043 500 3091 casus
510 3041 551 3090 iste
562 3047 633 3107 po'e‘ta
643 3046 727 3092 meos?

240 3119 316 3168 Ausus
328 3132 409 3179 eram,
421 3121 536 3176 memini,
549 3117 653 3168 coelestla
660 3117 738 3171 dicere
748 3120 812 3173 bella
819 3159 829 3184 ,

277 3195 496 3263 Centimanumque
507 3196 610 3263 Gygen3
627 3202 652 3248 δι
662 3200 717 3250 satis
728 3203 776 3250 oris
787 3215 853 3252 erat:

244 3271 311 3326 Cim
321 3273 384 3329 male
397 3276 421 3325 se
431 3274 513 3330 Tellus
524 3275 573 3330 ulta
584 3277 630 3340 est,
641 3276 776 3351 ingestaque
787 3279 899 3350 Olympo
950 3281 952 3285 '

1051 2545 1058 2594 l
