2367 3992
350 475 600 544 {innormis
627 479 702 546 Er.
731 479 798 548 VI.
830 501 834 506 ·
888 505 933 570 27

202 596 331 648 Hactenus
343 614 349 644 ε
363 600 406 656 &,
423 597 535 660 lacrymis
545 601 571 646 in
582 598 641 648 salsa
651 598 781 649 fluentibus
790 617 852 662 ora,

239 675 333 724 Cetera
345 689 369 724 te
380 679 481 724 memini
489 693 540 724 non
551 674 654 741 potuisse
664 677 742 742 loqui.
826 706 829 710 ι

202 754 424 804 Ultimusesociis
440 753 714 804 sacramconsceudisin
728 756 802 820 Argo.
860 770 867 780 ·
952 783 979 838 ⁶5

242 831 291 880 Illa
299 831 367 880 volat
375 851 380 879 ι
388 847 473 882 ventus
484 849 588 881 concava
599 833 652 883 vela
666 849 739 883 tenet.

206 908 308 959 Caerula
321 907 441 974 propulsae
456 910 595 959 subducitur
605 911 668 961 unda
680 917 765 962 carinae
777 931 784 962 z

242 988 319 1036 Terra
334 989 395 1046 tibi,
412 989 481 1036 nobis
500 990 644 1053 aspiciuntur
657 1007 733 1055 aque.

204 1066 234 1114 ln
245 1067 309 1115 latus
325 1082 399 1114 omne
411 1082 493 1130 patens
506 1070 574 1115 turris
585 1070 746 1132 circumspicit
756 1067 831 1118 undas
842 1088 848 1118 r

239 1145 296 1193 Huc
308 1144 388 1203 seror,
400 1147 424 1192 ὅ(
441 1144 552 1206 lacrymis
563 1147 637 1210 osque
650 1149 760 1210 sinusque
778 1145 887 1196 madent.
949 1171 981 1215 70

203 1221 251 1270 Per
266 1221 387 1283 lacrymas
399 1223 495 1286 spesto,
514 1220 654 1287 cupidaeque
665 1223 771 1272 faventia
780 1228 856 1273 menti

239 1300 350 1364 Longius
361 1297 453 1348 assueto
465 1299 556 1348 lumina
567 1301 646 1348 nostra
659 1299 751 1349 vident.

204 1375 281 1426 Addo
294 1395 375 1441 preces
387 1377 474 1435 castas,
486 1379 644 1443 immixtaque
655 1393 713 1427 vota
724 1381 806 1427 timori
815 1410 831 1438 ,-

240 1456 315 1505 Nunc
327 1472 442 1522 quoque,
460 1471 484 1505 te
495 1456 577 1515 salvo,
592 1453 748 1520 persoluenda
763 1458 834 1506 mihi.

204 1535 274 1584 Vota
287 1551 332 1599 ego
343 1533 492 1598 persolvam?
502 1537 565 1584 voris
576 1532 662 1582 Media
675 1534 784 1583 fruetur?

207 1621 218 1638 “
239 1613 295 1662 Cor
313 1611 381 1661 dolet
391 1630 398 1670 3
411 1627 481 1677 atque
491 1611 527 1660 irai
539 1615 627 1660 mixtus
637 1610 742 1661 abundat
753 1629 831 1662 amor.

204 1690 282 1739 Dona
294 1690 370 1738 seram
382 1690 494 1754 templis,
505 1693 589 1740 vivum
600 1688 667 1755 quocl
677 1691 759 1740 Iasona
772 1689 864 1757 perdo?

239 1768 326 1818 Hostia
338 1785 381 1833 pro
395 1765 487 1817 damnis
498 1766 610 1817 concidat
620 1770 665 1816 isia
675 1771 734 1816 meis
746 1771 755 1816 ἓ
820 1812 824 1820 .

204 1848 266 1897 Non
280 1844 393 1912 equidem
408 1848 488 1894 secura
506 1845 556 1903 sui,
574 1848 713 1910 semperque
728 1847 847 1905 verebar,

239 1925 281 1974 Ne
292 1941 359 1989 pater
371 1923 483 1989 Argolici
494 1925 597 1972 sumeret
608 1925 664 1971 urbe
675 1939 772 1970 nurum.

201 2001 333 2067 Argolicas
345 2004 415 2050 timui
427 2021 433 2048 :
446 2004 530 2049 nocuit
538 2003 600 2050 mihi
611 2001 709 2048 barbara
720 1999 814 2063 pellex:

238 2080 300 2128 Non
312 2078 441 2143 exspesiatai
452 2077 538 2128 vulnus
549 2079 578 2126 ab
590 2077 656 2125 hoste
667 2076 721 2126 tuli.

202 2157 258 2206 Nec
281 2156 342 2204 facie
352 2159 472 2204 meritisve
483 2155 574 2230 placet,
593 2153 635 2203 sed
646 2157 751 2204 carmine
766 2157 863 2207 movit:

236 2234 348 2298 Diraque
358 2233 452 2282 cantati
462 2232 548 2298 pabula
559 2232 621 2282 falce
635 2236 716 2281 metit.

202 2313 250 2362 Illa
265 2312 421 2360 telarianoetu
436 2327 506 2359 curru
526 2308 643 2360 deducere
654 2310 748 2360 Lunam

239 2389 349 2447 Nititur,
362 2392 386 2436 &
399 2389 500 2437 tenebris
510 2385 596 2437 abdere
608 2387 669 2436 Solis
680 2405 761 2454 equos.

203 2466 250 2515 llla
259 2465 366 2514 refrenat
376 2482 448 2531 aquas
458 2501 466 2526 ,
481 2465 626 2531 obliquaque
644 2464 744 2516 flumina
754 2466 827 2517 sistite

237 2544 286 2592 Illa
298 2543 353 2592 loco
366 2543 450 2604 silvas,
465 2547 566 2608 vivaque
583 2560 638 2592 saxa
650 2559 741 2592 movet.

203 2622 250 2670 Per
264 2620 372 2669 tumulos
382 2635 443 2669 errat
454 2623 525 2685 passis
536 2619 650 2669 discinsia
665 2621 775 2684 capillis,

237 2697 361 2764 Certaque
373 2696 402 2747 de
415 2698 500 2763 tepidis
510 2698 605 2762 colligit
615 2694 666 2745 olla
676 2700 754 2761 rogis,
942 2734 975 2779 90

201 2778 319 2826 Devovet
330 2776 452 2837 absentes,
467 2774 639 2839 simulacraque
651 2790 716 2822 cerea
728 2772 795 2838 figit,

235 2857 271 2904 Et
280 2857 394 2904 miserum
407 2871 488 2904 tenues
498 2858 524 2902 in
534 2857 600 2920 jecur
611 2866 679 2917 urget
689 2868 744 2901 acus
755 2871 762 2902 r

201 2935 233 2984 Et
246 2950 301 3000 quae
313 2935 437 2981 nescierim
449 2931 541 2982 melitis.
555 2931 621 2980 Male
635 2933 749 2996 quaeritur
762 2931 859 2994 herbis,

234 3012 350 3061 Moribus
363 3014 387 3058 bc
399 3010 478 3060 forma
488 3006 665 3067 conciliandus,
677 3025 753 3058 amor.

202 3090 275 3140 Hanc
290 3103 359 3153 potes
369 3088 497 3152 amplesii?
511 3087 664 3152 thalamoque
679 3085 771 3136 felisius
788 3090 890 3149 inuno,
932 3128 970 3174 ,95

235 3163 376 3232 impavidus
393 3168 497 3227 somno,
514 3167 581 3216 noste
599 3165 698 3226 silente,
715 3164 777 3290 srlqi?

770 3257 788 3307 ¹l
