<?xml version="1.0" encoding="UTF-8"?>
<!DOCTYPE html PUBLIC "-//W3C//DTD XHTML 1.0 Transitional//EN"
    "http://www.w3.org/TR/xhtml1/DTD/xhtml1-transitional.dtd">
<html xmlns="http://www.w3.org/1999/xhtml" xml:lang="en" lang="en">
 <head>
  <title>
</title>
<meta http-equiv="Content-Type" content="text/html;charset=utf-8" />
  <meta name='ocr-system' content='tesseract 3.04.00' />
  <meta name='ocr-capabilities' content='ocr_page ocr_carea ocr_par ocr_line ocrx_word'/>
</head>
<body>
  <div class='ocr_page' id='page_1' title='image "./povidiinasoniso03ovidgoog_0190.png"; bbox 0 0 2367 3992; ppageno 0'>
   <div class='ocr_carea' id='block_1_1' title="bbox 306 467 920 562">
    <p class='ocr_par' dir='ltr' id='par_1_1' title="bbox 306 467 920 562">
     <span class='ocr_line' id='line_1_1' title="bbox 306 467 920 562; baseline 0.005 -22"><span class='ocrx_word' id='word_1_1' title='bbox 306 493 372 562; x_wconf 82' lang='lat'>172</span> <span class='ocrx_word' id='word_1_2' title='bbox 416 469 636 540; x_wconf 75' lang='lat' dir='ltr'>Ovrnrr</span> <span class='ocrx_word' id='word_1_3' title='bbox 670 467 920 543; x_wconf 78' lang='lat' dir='ltr'>Auonurr</span> 
     </span>
    </p>
   </div>
   <div class='ocr_carea' id='block_1_2' title="bbox 223 594 1015 2706">
    <p class='ocr_par' dir='ltr' id='par_1_2' title="bbox 223 594 1015 2706">
     <span class='ocr_line' id='line_1_2' title="bbox 334 594 838 662; baseline -0.002 -16"><span class='ocrx_word' id='word_1_4' title='bbox 334 595 440 658; x_wconf 86' lang='lat' dir='ltr'>Fundit,</span> <span class='ocrx_word' id='word_1_5' title='bbox 457 602 482 647; x_wconf 76' lang='grc' dir='ltr'>δι</span> <span class='ocrx_word' id='word_1_6' title='bbox 493 594 576 645; x_wconf 85' lang='lat' dir='ltr'>effusas</span> <span class='ocrx_word' id='word_1_7' title='bbox 587 612 629 644; x_wconf 92' lang='lat' dir='ltr'>ore</span> <span class='ocrx_word' id='word_1_8' title='bbox 640 597 745 645; x_wconf 82' lang='lat' dir='ltr'>resorbet</span> <span class='ocrx_word' id='word_1_9' title='bbox 757 613 838 662; x_wconf 83' lang='lat' dir='ltr'>aquas.</span> 
     </span>
     <span class='ocr_line' id='line_1_3' title="bbox 302 673 882 741; baseline -0.003 -15"><span class='ocrx_word' id='word_1_10' title='bbox 302 673 376 736; x_wconf 90' lang='lat' dir='ltr'>Quod</span> <span class='ocrx_word' id='word_1_11' title='bbox 390 679 409 725; x_wconf 86' lang='lat' dir='ltr'>si</span> <span class='ocrx_word' id='word_1_12' title='bbox 419 677 559 741; x_wconf 87' lang='lat' dir='ltr'>Neptunum</span> <span class='ocrx_word' id='word_1_13' title='bbox 565 675 665 726; x_wconf 87' lang='lat' dir='ltr'>ventosa</span> <span class='ocrx_word' id='word_1_14' title='bbox 673 679 782 740; x_wconf 89' lang='lat' dir='ltr'>potentia</span> <span class='ocrx_word' id='word_1_15' title='bbox 790 677 882 738; x_wconf 86' lang='lat' dir='ltr'>vincit,</span> 
     </span>
     <span class='ocr_line' id='line_1_4' title="bbox 334 752 806 813; baseline -0.004 -8"><span class='ocrx_word' id='word_1_16' title='bbox 334 756 365 805; x_wconf 88' lang='lat' dir='ltr'>Et</span> <span class='ocrx_word' id='word_1_17' title='bbox 381 756 536 807; x_wconf 82' lang='lat' dir='ltr'><strong>subventuros</strong></span> <span class='ocrx_word' id='word_1_18' title='bbox 547 755 638 806; x_wconf 83' lang='lat' dir='ltr'>aulerct</span> <span class='ocrx_word' id='word_1_19' title='bbox 648 754 713 805; x_wconf 84' lang='lat' dir='ltr'>unda</span> <span class='ocrx_word' id='word_1_20' title='bbox 723 752 806 813; x_wconf 77' lang='lat' dir='ltr'>Deos3</span> 
     </span>
     <span class='ocr_line' id='line_1_5' title="bbox 301 832 876 900; baseline 0.005 -18"><span class='ocrx_word' id='word_1_21' title='bbox 301 833 341 883; x_wconf 91' lang='lat' dir='ltr'>Tu</span> <span class='ocrx_word' id='word_1_22' title='bbox 356 835 440 885; x_wconf 86' lang='lat' dir='ltr'>nostris</span> <span class='ocrx_word' id='word_1_23' title='bbox 452 839 534 886; x_wconf 88' lang='lat' dir='ltr'>niveos</span> <span class='ocrx_word' id='word_1_24' title='bbox 544 837 648 884; x_wconf 87' lang='lat' dir='ltr'>humeris</span> <span class='ocrx_word' id='word_1_25' title='bbox 656 839 753 900; x_wconf 83' lang='lat' dir='ltr'>impone</span> <span class='ocrx_word' id='word_1_26' title='bbox 764 832 876 885; x_wconf 79' lang='lat' dir='ltr'>lacertos.</span> 
     </span>
     <span class='ocr_line' id='line_1_6' title="bbox 253 911 853 980; baseline -0.008 -14"><span class='ocrx_word' id='word_1_27' title='bbox 253 932 283 980; x_wconf 82' lang='lat'>30</span> <span class='ocrx_word' id='word_1_28' title='bbox 333 911 443 979; x_wconf 82' lang='lat' dir='ltr'>Corpore</span> <span class='ocrx_word' id='word_1_29' title='bbox 453 930 496 963; x_wconf 92' lang='lat' dir='ltr'>nos</span> <span class='ocrx_word' id='word_1_30' title='bbox 507 913 573 962; x_wconf 85' lang='lat' dir='ltr'>facili</span> <span class='ocrx_word' id='word_1_31' title='bbox 587 912 657 963; x_wconf 82' lang='lat' dir='ltr'><strong>dulce</strong></span> <span class='ocrx_word' id='word_1_32' title='bbox 672 913 773 963; x_wconf 83' lang='lat' dir='ltr'>feremus</span> <span class='ocrx_word' id='word_1_33' title='bbox 784 931 853 963; x_wconf 90' lang='lat' dir='ltr'>onus.</span> 
     </span>
     <span class='ocr_line' id='line_1_7' title="bbox 299 988 913 1057; baseline 0.007 -17"><span class='ocrx_word' id='word_1_34' title='bbox 299 992 380 1056; x_wconf 79' lang='lat' dir='ltr'>Saepe,</span> <span class='ocrx_word' id='word_1_35' title='bbox 391 1006 473 1057; x_wconf 82' lang='lat' dir='ltr'>petens</span> <span class='ocrx_word' id='word_1_36' title='bbox 484 992 565 1052; x_wconf 89' lang='lat' dir='ltr'>Hero,</span> <span class='ocrx_word' id='word_1_37' title='bbox 577 994 669 1057; x_wconf 84' lang='lat' dir='ltr'>juvenis</span> <span class='ocrx_word' id='word_1_38' title='bbox 681 988 913 1044; x_wconf 79' lang='lat' dir='ltr'>tranaveratundast</span> 
     </span>
     <span class='ocr_line' id='line_1_8' title="bbox 332 1067 887 1137; baseline 0.005 -19"><span class='ocrx_word' id='word_1_39' title='bbox 332 1070 402 1118; x_wconf 89' lang='lat' dir='ltr'>Tunc</span> <span class='ocrx_word' id='word_1_40' title='bbox 413 1087 509 1137; x_wconf 89' lang='lat' dir='ltr'>quoque</span> <span class='ocrx_word' id='word_1_41' title='bbox 519 1067 644 1129; x_wconf 82' lang='lat' dir='ltr'>tranallet3</span> <span class='ocrx_word' id='word_1_42' title='bbox 656 1069 697 1119; x_wconf 90' lang='lat' dir='ltr'>sed</span> <span class='ocrx_word' id='word_1_43' title='bbox 708 1074 746 1120; x_wconf 86' lang='lat' dir='ltr'>via</span> <span class='ocrx_word' id='word_1_44' title='bbox 757 1087 820 1121; x_wconf 78' lang='lat' dir='ltr'>caeca</span> <span class='ocrx_word' id='word_1_45' title='bbox 830 1072 887 1122; x_wconf 86' lang='lat' dir='ltr'>fuit.</span> 
     </span>
     <span class='ocr_line' id='line_1_9' title="bbox 296 1148 847 1217; baseline 0 -19"><span class='ocrx_word' id='word_1_46' title='bbox 296 1148 330 1198; x_wconf 79' lang='lat' dir='ltr'>At</span> <span class='ocrx_word' id='word_1_47' title='bbox 346 1151 396 1198; x_wconf 86' lang='lat' dir='ltr'>sine</span> <span class='ocrx_word' id='word_1_48' title='bbox 414 1165 454 1211; x_wconf 89' lang='lat' dir='ltr'>te,</span> <span class='ocrx_word' id='word_1_49' title='bbox 470 1152 579 1217; x_wconf 84' lang='lat' dir='ltr'>quamvis</span> <span class='ocrx_word' id='word_1_50' title='bbox 589 1153 683 1215; x_wconf 83' lang='lat' dir='ltr'>operosi</span> <span class='ocrx_word' id='word_1_51' title='bbox 697 1151 785 1200; x_wconf 85' lang='lat' dir='ltr'>vitibus</span> <span class='ocrx_word' id='word_1_52' title='bbox 796 1154 847 1215; x_wconf 84' lang='lat' dir='ltr'>agri</span> 
     </span>
     <span class='ocr_line' id='line_1_10' title="bbox 330 1228 919 1296; baseline 0 -18"><span class='ocrx_word' id='word_1_53' title='bbox 330 1228 373 1278; x_wconf 86' lang='lat' dir='ltr'>Me</span> <span class='ocrx_word' id='word_1_54' title='bbox 384 1243 497 1290; x_wconf 84' lang='lat' dir='ltr'>teneant,</span> <span class='ocrx_word' id='word_1_55' title='bbox 511 1231 620 1296; x_wconf 82' lang='lat' dir='ltr'>quemvis</span> <span class='ocrx_word' id='word_1_56' title='bbox 628 1229 737 1284; x_wconf 85' lang='lat' dir='ltr'>amnibus</span> <span class='ocrx_word' id='word_1_57' title='bbox 748 1245 804 1279; x_wconf 85' lang='lat' dir='ltr'>arva</span> <span class='ocrx_word' id='word_1_58' title='bbox 815 1243 919 1296; x_wconf 74' lang='lat' dir='ltr'>natent,</span> 
     </span>
     <span class='ocr_line' id='line_1_11' title="bbox 250 1303 901 1374; baseline -0.005 -17"><span class='ocrx_word' id='word_1_59' title='bbox 250 1317 277 1365; x_wconf 78' lang='lat'>35</span> <span class='ocrx_word' id='word_1_60' title='bbox 297 1307 328 1358; x_wconf 88' lang='lat' dir='ltr'>Er</span> <span class='ocrx_word' id='word_1_61' title='bbox 342 1324 415 1365; x_wconf 85' lang='lat' dir='ltr'>vocet</span> <span class='ocrx_word' id='word_1_62' title='bbox 425 1312 451 1358; x_wconf 91' lang='lat' dir='ltr'>in</span> <span class='ocrx_word' id='word_1_63' title='bbox 466 1313 530 1359; x_wconf 80' lang='lat' dir='ltr'>rivos</span> <span class='ocrx_word' id='word_1_64' title='bbox 544 1322 666 1374; x_wconf 88' lang='lat' dir='ltr'>parentem</span> <span class='ocrx_word' id='word_1_65' title='bbox 680 1307 778 1362; x_wconf 82' lang='lat' dir='ltr'>rusticus</span> <span class='ocrx_word' id='word_1_66' title='bbox 792 1303 901 1370; x_wconf 84' lang='lat' dir='ltr'>undam,</span> 
     </span>
     <span class='ocr_line' id='line_1_12' title="bbox 330 1385 892 1454; baseline -0.005 -18"><span class='ocrx_word' id='word_1_67' title='bbox 330 1385 472 1454; x_wconf 79' lang='lat' dir='ltr'>Frigidaque</span> <span class='ocrx_word' id='word_1_68' title='bbox 483 1389 592 1437; x_wconf 84' lang='lat' dir='ltr'>arboreas</span> <span class='ocrx_word' id='word_1_69' title='bbox 607 1386 711 1437; x_wconf 87' lang='lat' dir='ltr'>mulceat</span> <span class='ocrx_word' id='word_1_70' title='bbox 724 1402 781 1436; x_wconf 85' lang='lat' dir='ltr'>aura</span> <span class='ocrx_word' id='word_1_71' title='bbox 791 1401 892 1443; x_wconf 79' lang='lat' dir='ltr'>comas3</span> 
     </span>
     <span class='ocr_line' id='line_1_13' title="bbox 296 1462 891 1532; baseline -0.007 -16"><span class='ocrx_word' id='word_1_72' title='bbox 296 1465 355 1516; x_wconf 89' lang='lat' dir='ltr'>Non</span> <span class='ocrx_word' id='word_1_73' title='bbox 371 1483 417 1532; x_wconf 82' lang='lat' dir='ltr'>ego</span> <span class='ocrx_word' id='word_1_74' title='bbox 427 1466 539 1532; x_wconf 79' lang='lat' dir='ltr'>Pelignos</span> <span class='ocrx_word' id='word_1_75' title='bbox 548 1463 633 1516; x_wconf 85' lang='lat' dir='ltr'>videor</span> <span class='ocrx_word' id='word_1_76' title='bbox 645 1464 763 1514; x_wconf 87' lang='lat' dir='ltr'>celebrate</span> <span class='ocrx_word' id='word_1_77' title='bbox 772 1462 891 1526; x_wconf 81' lang='lat' dir='ltr'>salubres,</span> 
     </span>
     <span class='ocr_line' id='line_1_14' title="bbox 329 1541 867 1610; baseline -0.007 -16"><span class='ocrx_word' id='word_1_78' title='bbox 329 1544 387 1594; x_wconf 88' lang='lat' dir='ltr'>Non</span> <span class='ocrx_word' id='word_1_79' title='bbox 395 1561 440 1610; x_wconf 82' lang='lat' dir='ltr'>ego</span> <span class='ocrx_word' id='word_1_80' title='bbox 448 1543 569 1603; x_wconf 88' lang='lat' dir='ltr'>natalem,</span> <span class='ocrx_word' id='word_1_81' title='bbox 582 1558 637 1592; x_wconf 91' lang='lat' dir='ltr'>rura</span> <span class='ocrx_word' id='word_1_82' title='bbox 645 1558 756 1608; x_wconf 88' lang='lat' dir='ltr'>paterna,</span> <span class='ocrx_word' id='word_1_83' title='bbox 769 1541 867 1601; x_wconf 80' lang='lat' dir='ltr'>locum3</span> 
     </span>
     <span class='ocr_line' id='line_1_15' title="bbox 295 1619 1015 1688; baseline 0.001 -17"><span class='ocrx_word' id='word_1_84' title='bbox 295 1620 343 1671; x_wconf 87' lang='lat' dir='ltr'>Sed</span> <span class='ocrx_word' id='word_1_85' title='bbox 351 1622 485 1684; x_wconf 83' lang='lat' dir='ltr'>Scythiam,</span> <span class='ocrx_word' id='word_1_86' title='bbox 494 1621 632 1688; x_wconf 83' lang='lat' dir='ltr'>Cilicasque</span> <span class='ocrx_word' id='word_1_87' title='bbox 641 1621 714 1681; x_wconf 87' lang='lat' dir='ltr'>feros,</span> <span class='ocrx_word' id='word_1_88' title='bbox 725 1619 861 1687; x_wconf 87' lang='lat' dir='ltr'>viridesque</span> <span class='ocrx_word' id='word_1_89' title='bbox 870 1621 1015 1686; x_wconf 87' lang='lat' dir='ltr'>Britannos,</span> 
     </span>
     <span class='ocr_line' id='line_1_16' title="bbox 244 1697 852 1768; baseline 0.002 -19"><span class='ocrx_word' id='word_1_90' title='bbox 244 1697 279 1744; x_wconf 76' lang='grc' dir='ltr'>4ο</span> <span class='ocrx_word' id='word_1_91' title='bbox 328 1699 435 1768; x_wconf 79' lang='lat' dir='ltr'>Quaeque</span> <span class='ocrx_word' id='word_1_92' title='bbox 446 1701 590 1750; x_wconf 82' lang='lat' dir='ltr'>Prometheo</span> <span class='ocrx_word' id='word_1_93' title='bbox 601 1702 654 1748; x_wconf 84' lang='lat' dir='ltr'>saxa</span> <span class='ocrx_word' id='word_1_94' title='bbox 665 1716 749 1749; x_wconf 87' lang='lat' dir='ltr'>cruore</span> <span class='ocrx_word' id='word_1_95' title='bbox 758 1700 852 1751; x_wconf 88' lang='lat' dir='ltr'>rubent.</span> 
     </span>
     <span class='ocr_line' id='line_1_17' title="bbox 295 1777 907 1839; baseline 0.007 -11"><span class='ocrx_word' id='word_1_96' title='bbox 295 1777 383 1828; x_wconf 83' lang='lat' dir='ltr'><strong>Ulmus</strong></span> <span class='ocrx_word' id='word_1_97' title='bbox 394 1794 459 1833; x_wconf 85' lang='lat' dir='ltr'>amat</span> <span class='ocrx_word' id='word_1_98' title='bbox 468 1782 544 1830; x_wconf 84' lang='lat' dir='ltr'>vitem</span> <span class='ocrx_word' id='word_1_99' title='bbox 553 1814 562 1839; x_wconf 92' lang='lat'>,</span> <span class='ocrx_word' id='word_1_100' title='bbox 573 1781 629 1829; x_wconf 90' lang='lat' dir='ltr'>vitis</span> <span class='ocrx_word' id='word_1_101' title='bbox 638 1796 689 1829; x_wconf 90' lang='lat' dir='ltr'>non</span> <span class='ocrx_word' id='word_1_102' title='bbox 699 1778 785 1829; x_wconf 87' lang='lat' dir='ltr'>deserit</span> <span class='ocrx_word' id='word_1_103' title='bbox 795 1780 907 1832; x_wconf 82' lang='lat' dir='ltr'>ulmum:</span> 
     </span>
     <span class='ocr_line' id='line_1_18' title="bbox 328 1855 834 1924; baseline 0.006 -16"><span class='ocrx_word' id='word_1_104' title='bbox 328 1859 428 1924; x_wconf 84' lang='lat' dir='ltr'>Separor</span> <span class='ocrx_word' id='word_1_105' title='bbox 445 1875 458 1907; x_wconf 87' lang='lat' dir='ltr'>a</span> <span class='ocrx_word' id='word_1_106' title='bbox 473 1855 573 1909; x_wconf 88' lang='lat' dir='ltr'>domina</span> <span class='ocrx_word' id='word_1_107' title='bbox 584 1874 626 1909; x_wconf 87' lang='lat' dir='ltr'>cur</span> <span class='ocrx_word' id='word_1_108' title='bbox 637 1875 682 1923; x_wconf 86' lang='lat' dir='ltr'>ego</span> <span class='ocrx_word' id='word_1_109' title='bbox 693 1860 752 1924; x_wconf 83' lang='lat' dir='ltr'>saepe</span> <span class='ocrx_word' id='word_1_110' title='bbox 762 1864 834 1912; x_wconf 76' lang='lat' dir='ltr'>mea?</span> 
     </span>
     <span class='ocr_line' id='line_1_19' title="bbox 295 1937 875 2004; baseline 0 -15"><span class='ocrx_word' id='word_1_111' title='bbox 295 1937 328 1989; x_wconf 77' lang='lat' dir='ltr'>At</span> <span class='ocrx_word' id='word_1_112' title='bbox 337 1940 398 1989; x_wconf 86' lang='lat' dir='ltr'>mihi</span> <span class='ocrx_word' id='word_1_113' title='bbox 410 1952 434 1988; x_wconf 88' lang='lat' dir='ltr'>te</span> <span class='ocrx_word' id='word_1_114' title='bbox 444 1939 559 1994; x_wconf 85' lang='lat' dir='ltr'>comitem</span> <span class='ocrx_word' id='word_1_115' title='bbox 570 1940 658 2003; x_wconf 84' lang='lat' dir='ltr'>juraras</span> <span class='ocrx_word' id='word_1_116' title='bbox 670 1953 743 2004; x_wconf 87' lang='lat' dir='ltr'>usque</span> <span class='ocrx_word' id='word_1_117' title='bbox 752 1938 875 2001; x_wconf 82' lang='lat' dir='ltr'>futuram,</span> 
     </span>
     <span class='ocr_line' id='line_1_20' title="bbox 328 2016 922 2084; baseline 0.008 -18"><span class='ocrx_word' id='word_1_118' title='bbox 328 2018 373 2066; x_wconf 88' lang='lat' dir='ltr'>Per</span> <span class='ocrx_word' id='word_1_119' title='bbox 383 2035 422 2067; x_wconf 88' lang='lat' dir='ltr'>me</span> <span class='ocrx_word' id='word_1_120' title='bbox 433 2053 441 2078; x_wconf 95' lang='lat'>,</span> <span class='ocrx_word' id='word_1_121' title='bbox 450 2035 537 2084; x_wconf 87' lang='lat' dir='ltr'>perque</span> <span class='ocrx_word' id='word_1_122' title='bbox 549 2017 633 2083; x_wconf 68' lang='lat' dir='ltr'>opulos</span> <span class='ocrx_word' id='word_1_123' title='bbox 642 2053 651 2078; x_wconf 88' lang='lat'>‚</span> <span class='ocrx_word' id='word_1_124' title='bbox 660 2016 736 2066; x_wconf 90' lang='lat' dir='ltr'>sidera</span> <span class='ocrx_word' id='word_1_125' title='bbox 752 2019 845 2080; x_wconf 88' lang='lat' dir='ltr'>nostra,</span> <span class='ocrx_word' id='word_1_126' title='bbox 858 2035 922 2071; x_wconf 83' lang='lat' dir='ltr'>tuos.</span> 
     </span>
     <span class='ocr_line' id='line_1_21' title="bbox 245 2094 840 2162; baseline 0 -16"><span class='ocrx_word' id='word_1_127' title='bbox 245 2108 275 2158; x_wconf 88' lang='lat'>45</span> <span class='ocrx_word' id='word_1_128' title='bbox 296 2096 375 2146; x_wconf 85' lang='lat' dir='ltr'>Verba</span> <span class='ocrx_word' id='word_1_129' title='bbox 385 2096 535 2162; x_wconf 83' lang='lat' dir='ltr'><strong>puellarum,</strong></span> <span class='ocrx_word' id='word_1_130' title='bbox 550 2095 615 2145; x_wconf 87' lang='lat' dir='ltr'>foliis</span> <span class='ocrx_word' id='word_1_131' title='bbox 625 2095 716 2160; x_wconf 85' lang='lat' dir='ltr'>leviora</span> <span class='ocrx_word' id='word_1_132' title='bbox 724 2094 840 2158; x_wconf 81' lang='lat' dir='ltr'>caducis,</span> 
     </span>
     <span class='ocr_line' id='line_1_22' title="bbox 328 2173 927 2240; baseline 0.005 -18"><span class='ocrx_word' id='word_1_133' title='bbox 328 2174 413 2235; x_wconf 90' lang='lat' dir='ltr'>Irrita,</span> <span class='ocrx_word' id='word_1_134' title='bbox 430 2173 479 2240; x_wconf 82' lang='lat' dir='ltr'>qud</span> <span class='ocrx_word' id='word_1_135' title='bbox 490 2175 566 2228; x_wconf 80' lang='lat' dir='ltr'>visum</span> <span class='ocrx_word' id='word_1_136' title='bbox 577 2174 609 2238; x_wconf 82' lang='lat' dir='ltr'>est</span> <span class='ocrx_word' id='word_1_137' title='bbox 617 2207 626 2228; x_wconf 89' lang='lat'><em>‚</em></span> <span class='ocrx_word' id='word_1_138' title='bbox 634 2189 717 2232; x_wconf 79' lang='lat' dir='ltr'>ventus</span> <span class='ocrx_word' id='word_1_139' title='bbox 729 2178 754 2226; x_wconf 87' lang='lat'>&amp;</span> <span class='ocrx_word' id='word_1_140' title='bbox 763 2174 827 2225; x_wconf 81' lang='lat' dir='ltr'>unda</span> <span class='ocrx_word' id='word_1_141' title='bbox 837 2176 927 2231; x_wconf 83' lang='lat' dir='ltr'>ferunt.</span> 
     </span>
     <span class='ocr_line' id='line_1_23' title="bbox 295 2253 870 2321; baseline 0.005 -19"><span class='ocrx_word' id='word_1_142' title='bbox 295 2253 321 2302; x_wconf 88' lang='lat' dir='ltr'>Si</span> <span class='ocrx_word' id='word_1_143' title='bbox 337 2267 384 2318; x_wconf 91' lang='lat' dir='ltr'>qua</span> <span class='ocrx_word' id='word_1_144' title='bbox 392 2255 440 2301; x_wconf 88' lang='lat' dir='ltr'>mei</span> <span class='ocrx_word' id='word_1_145' title='bbox 456 2267 536 2303; x_wconf 84' lang='lat' dir='ltr'>tamen</span> <span class='ocrx_word' id='word_1_146' title='bbox 546 2253 578 2301; x_wconf 87' lang='lat' dir='ltr'>est</span> <span class='ocrx_word' id='word_1_147' title='bbox 587 2255 613 2305; x_wconf 92' lang='lat' dir='ltr'>in</span> <span class='ocrx_word' id='word_1_148' title='bbox 626 2267 649 2301; x_wconf 88' lang='lat' dir='ltr'>te</span> <span class='ocrx_word' id='word_1_149' title='bbox 659 2256 698 2318; x_wconf 83' lang='lat' dir='ltr'>pia</span> <span class='ocrx_word' id='word_1_150' title='bbox 710 2270 765 2319; x_wconf 76' lang='lat' dir='ltr'>eura</span> <span class='ocrx_word' id='word_1_151' title='bbox 776 2254 870 2321; x_wconf 65' lang='lat' dir='ltr'>relidi,</span> 
     </span>
     <span class='ocr_line' id='line_1_24' title="bbox 327 2328 779 2397; baseline 0.002 -17"><span class='ocrx_word' id='word_1_152' title='bbox 327 2331 409 2397; x_wconf 83' lang='lat' dir='ltr'>Incipe</span> <span class='ocrx_word' id='word_1_153' title='bbox 420 2330 535 2396; x_wconf 88' lang='lat' dir='ltr'>pollicitis</span> <span class='ocrx_word' id='word_1_154' title='bbox 548 2328 635 2379; x_wconf 81' lang='lat' dir='ltr'>addere</span> <span class='ocrx_word' id='word_1_155' title='bbox 649 2330 710 2380; x_wconf 69' lang='lat' dir='ltr'>faiia</span> <span class='ocrx_word' id='word_1_156' title='bbox 720 2336 779 2389; x_wconf 71' lang='lat' dir='ltr'>tuis:</span> 
     </span>
     <span class='ocr_line' id='line_1_25' title="bbox 223 2407 991 2480; baseline 0.004 -20"><span class='ocrx_word' id='word_1_157' title='bbox 223 2448 224 2452; x_wconf 65' lang='lat'>,</span> <span class='ocrx_word' id='word_1_158' title='bbox 294 2408 416 2476; x_wconf 84' lang='lat' dir='ltr'>Parvaque</span> <span class='ocrx_word' id='word_1_159' title='bbox 429 2407 504 2475; x_wconf 70' lang='lat' dir='ltr'>quim</span> <span class='ocrx_word' id='word_1_160' title='bbox 515 2407 621 2474; x_wconf 73' lang='lat' dir='ltr'>primum</span> <span class='ocrx_word' id='word_1_161' title='bbox 634 2413 779 2475; x_wconf 86' lang='lat' dir='ltr'>rapientibus</span> <span class='ocrx_word' id='word_1_162' title='bbox 791 2409 870 2463; x_wconf 83' lang='lat' dir='ltr'>ell&#39;eda</span> <span class='ocrx_word' id='word_1_163' title='bbox 880 2418 991 2480; x_wconf 78' lang='lat' dir='ltr'>mannis,</span> 
     </span>
     <span class='ocr_line' id='line_1_26' title="bbox 247 2484 806 2556; baseline 0.013 -22"><span class='ocrx_word' id='word_1_164' title='bbox 247 2484 279 2534; x_wconf 81' lang='lat'>50</span> <span class='ocrx_word' id='word_1_165' title='bbox 328 2488 380 2556; x_wconf 90' lang='lat' dir='ltr'>lpsa</span> <span class='ocrx_word' id='word_1_166' title='bbox 387 2505 428 2556; x_wconf 90' lang='lat' dir='ltr'>per</span> <span class='ocrx_word' id='word_1_167' title='bbox 438 2485 548 2538; x_wconf 86' lang='lat' dir='ltr'>admiffas</span> <span class='ocrx_word' id='word_1_168' title='bbox 556 2504 657 2538; x_wconf 87' lang='lat' dir='ltr'>concute</span> <span class='ocrx_word' id='word_1_169' title='bbox 668 2490 720 2539; x_wconf 89' lang='lat' dir='ltr'>lora</span> <span class='ocrx_word' id='word_1_170' title='bbox 729 2492 806 2555; x_wconf 86' lang='lat' dir='ltr'>jubas.</span> 
     </span>
     <span class='ocr_line' id='line_1_27' title="bbox 295 2565 908 2635; baseline 0.008 -17"><span class='ocrx_word' id='word_1_171' title='bbox 295 2571 328 2623; x_wconf 77' lang='lat' dir='ltr'>At</span> <span class='ocrx_word' id='word_1_172' title='bbox 342 2585 400 2630; x_wconf 87' lang='lat' dir='ltr'>vos,</span> <span class='ocrx_word' id='word_1_173' title='bbox 413 2565 461 2635; x_wconf 76' lang='lat' dir='ltr'>qud</span> <span class='ocrx_word' id='word_1_174' title='bbox 469 2571 563 2629; x_wconf 86' lang='lat' dir='ltr'>veniet,</span> <span class='ocrx_word' id='word_1_175' title='bbox 575 2565 663 2617; x_wconf 88' lang='lat' dir='ltr'>tumidi</span> <span class='ocrx_word' id='word_1_176' title='bbox 674 2567 787 2620; x_wconf 86' lang='lat' dir='ltr'>subsidite</span> <span class='ocrx_word' id='word_1_177' title='bbox 797 2586 908 2624; x_wconf 75' lang='lat' dir='ltr'>montes:</span> 
     </span>
     <span class='ocr_line' id='line_1_28' title="bbox 327 2647 770 2706; baseline 0.005 -8"><span class='ocrx_word' id='word_1_178' title='bbox 327 2647 359 2706; x_wconf 83' lang='lat' dir='ltr'>Et</span> <span class='ocrx_word' id='word_1_179' title='bbox 368 2647 448 2700; x_wconf 85' lang='lat' dir='ltr'>faciles</span> <span class='ocrx_word' id='word_1_180' title='bbox 459 2650 536 2702; x_wconf 84' lang='lat' dir='ltr'>curvis</span> <span class='ocrx_word' id='word_1_181' title='bbox 548 2647 651 2700; x_wconf 85' lang='lat' dir='ltr'>vallibus</span> <span class='ocrx_word' id='word_1_182' title='bbox 663 2649 707 2697; x_wconf 85' lang='lat' dir='ltr'>este</span> <span class='ocrx_word' id='word_1_183' title='bbox 717 2652 770 2701; x_wconf 85' lang='lat' dir='ltr'>viae.</span> 
     </span>
    </p>
   </div>
   <div class='ocr_carea' id='block_1_3' title="bbox 575 2898 737 3014">
    <p class='ocr_par' dir='ltr' id='par_1_3' title="bbox 575 2898 737 3014">
     <span class='ocr_line' id='line_1_29' title="bbox 575 2898 737 3014; baseline 0 0"><span class='ocrx_word' id='word_1_184' title='bbox 575 2898 737 3014; x_wconf 55' lang='lat' dir='ltr'>ruit*</span> 
     </span>
    </p>
   </div>
   <div class='ocr_carea' id='block_1_4' title="bbox 0 0 1188 3992">
    <p class='ocr_par' dir='ltr' id='par_1_4' title="bbox 0 0 1188 3992">
     <span class='ocr_line' id='line_1_30' title="bbox 0 0 1188 3992; baseline 0 0"><span class='ocrx_word' id='word_1_185' title='bbox 0 0 1188 3992; x_wconf 95' lang='lat' dir='ltr'> </span> 
     </span>
    </p>
   </div>
  </div>
 </body>
</html>
