2367 3992
244 450 784 524 ursinunzsornn.
820 475 882 539 143

136 581 139 587 '
167 562 231 628 Non
240 576 286 627 fuit
296 575 402 626 armillas
414 577 474 624 tanti
483 569 596 638 pepigisse
607 573 719 632 Sabinas,

211 657 239 706 Ut
251 669 386 721 premerent
397 655 465 702 sacra
474 655 572 716 virginis
584 668 650 701 arma
660 665 741 716 caput.
911 668 941 715 50

180 725 202 780 E
215 736 295 800 quibus
306 736 410 790 exierat,
423 734 515 796 trajecit
524 732 613 781 viscera
627 729 689 778 ferro

211 813 298 870 futur,
314 813 339 860 bc
358 825 434 875 poenae
448 810 516 858 causa
530 808 622 857 monile
633 807 688 857 fuit.

183 885 228 940 Nec
245 905 327 940 tamen
340 887 466 953 indignum
478 886 522 941 est,
538 903 551 934 a
562 885 637 936 divite
645 903 744 937 munera
753 887 838 952 poscit

195 981 196 986 ’
210 968 311 1020 Munera
327 967 433 1032 poscenti
444 963 510 1030 quod
527 962 582 1013 dare
597 968 686 1029 possit,
699 966 780 1015 habet.

184 1046 276 1112 Carpite
289 1044 320 1096 de
331 1044 406 1109 plenis
417 1040 544 1108 pendentes
555 1044 644 1091 vitibus
657 1060 731 1093 uvas:
916 1054 944 1101 55

163 1180 166 1185 ,
212 1127 317 1175 Praebeat
331 1123 427 1172 Alcinoi
439 1137 512 1185 poma
520 1121 635 1183 benignus
645 1137 708 1185 ager.

183 1202 294 1253 Officium
305 1216 393 1265 pauper
403 1213 526 1251 numeret,
545 1195 696 1263 studiumque
706 1198 843 1266 fidemquez

213 1277 288 1341 Quod
303 1282 357 1344 quis
367 1278 456 1335 habet,
471 1274 577 1324 domina
587 1277 696 1325 conferat
707 1295 779 1327 omne
790 1281 845 1328 suae.

181 1358 221 1409 Est
235 1374 347 1423 quoque,
360 1356 504 1405 carminibus
514 1358 611 1404 meritas
622 1356 739 1406 celebrare
747 1357 853 1421 puellas,

213 1436 267 1485 Dos
278 1451 332 1484 mea
346 1455 351 1483 ι
368 1450 440 1500 quam
454 1433 536 1493 volui,
552 1449 611 1482 nota
624 1433 653 1484 fit
663 1450 712 1483 arte
723 1435 786 1484 med.
919 1453 950 1490 60

182 1510 327 1566 Scindentur
344 1513 416 1563 velles
426 1545 435 1571 ‚
446 1528 548 1576 gemmae
559 1513 698 1577 frangentur
708 1518 733 1563 ὃ(
745 1531 844 1565 aurum:

217 1591 335 1642 Carmina
344 1608 416 1658 quam
427 1591 545 1650 tribuent,
558 1591 622 1639 fama
637 1597 745 1657 perennis
755 1597 809 1644 erit.

184 1670 239 1722 Nec
254 1668 331 1730 dare,
347 1668 387 1718 sed
401 1673 503 1733 preriuru
513 1671 599 1734 posci,
615 1667 732 1735 dedignor
749 1676 774 1720 &
785 1671 837 1722 odi.

219 1745 295 1808 Quod
308 1763 370 1811 nego
384 1749 508 1812 poscenti,
526 1743 607 1795 desine
619 1748 698 1807 velle3
716 1748 789 1800 dabo.
868 1746 872 1755 '

212 1853 893 1928 qm—QQQ,

364 1984 617 2046 ELEGIA
656 1984 731 2045 Xl.

194 2078 390 2199 Continuus
402 2149 520 2206 incertos,
530 2150 554 2196 &
565 2148 591 2196 in
601 2144 687 2195 ordine
696 2163 803 2212 ponere,
813 2151 889 2199 crines

224 2224 320 2285 Docta,
332 2242 410 2290 neque
421 2225 518 2274 ancillas
530 2229 591 2274 inter
607 2224 730 2286 habenda,
742 2226 830 2294 Nepet

190 2304 271 2370 loque
285 2305 419 2353 ministeriis
431 2304 524 2354 furtiva
538 2306 635 2369 cognita
649 2307 725 2354 nouis

226 2380 322 2442 Utilis,
338 2387 363 2431 δι
381 2381 465 2432 dandis
479 2385 602 2448 ingeniosa
621 2385 700 2443 notis3

192 2462 263 2526 Saepe
272 2463 353 2511 venire
365 2460 395 2511 ad
405 2479 444 2511 me
455 2460 605 2511 dubitantem
617 2465 712 2511 hortata
722 2461 872 2520 Corinnam3
932 2480 943 2526 5

230 2539 296 2603 Sape
306 2537 424 2589 laboranti
433 2538 482 2590 fida
491 2555 583 2604 reperta
592 2542 668 2597 mibia

193 2617 287 2680 Accipe
298 2651 306 2676 ,
325 2620 350 2664 &
361 2616 392 2667 ad
402 2616 526 2667 dominam
537 2633 654 2682 peraratas
665 2634 735 2667 mane
746 2617 846 2667 tabellas

231 2693 313 2743 Perfer
320 2712 328 2755 ;
341 2700 366 2745 δι
381 2697 499 2745 obstantes
510 2694 590 2745 sedula
601 2695 664 2761 pelle
674 2713 763 2745 moras.

196 2772 254 2824 Nec
264 2773 364 2822 Silicum
374 2791 440 2824 venae
450 2809 458 2836 ‚
469 2790 513 2822 nec
524 2773 612 2823 durum
627 2778 653 2822 in
667 2777 761 2838 pretore
772 2772 878 2837 ferrum,

234 2851 287 2902 Nec
302 2854 347 2901 tibi
359 2854 497 2918 simplicitas
507 2851 591 2902 ordine
606 2857 683 2918 major
694 2854 761 2902 inest.
939 2886 967 2918 10

199 2929 328 2981 Credibile
343 2930 376 2979 est
388 2935 412 2980 bc
424 2946 446 2980 te
457 2928 550 2981 sensisse
563 2929 692 2996 Cupidinis
705 2950 771 2984 arcus
782 2953 790 2984 ι

188 3033 191 3043 1
235 3007 264 3058 ln
275 3026 314 3059 me
324 3009 418 3060 militiae
428 3014 494 3075 signa
504 3025 568 3060 tuere
579 3025 634 3060 tuae.

200 3089 228 3138 Si
242 3103 331 3153 quaeret
342 3124 350 3150 ,
364 3087 423 3156 quid
434 3104 518 3153 agam3
534 3092 578 3155 Spe
588 3092 664 3141 nostis
674 3093 769 3156 vivere,
782 3092 855 3145 dites.

239 3165 328 3220 Cetera
337 3166 385 3219 fert
397 3164 486 3219 blanda
495 3183 548 3218 cera
560 3183 645 3219 notata
655 3186 736 3220 manu.
