<?xml version="1.0" encoding="UTF-8"?>
<!DOCTYPE html PUBLIC "-//W3C//DTD XHTML 1.0 Transitional//EN"
    "http://www.w3.org/TR/xhtml1/DTD/xhtml1-transitional.dtd">
<html xmlns="http://www.w3.org/1999/xhtml" xml:lang="en" lang="en">
 <head>
  <title>
</title>
<meta http-equiv="Content-Type" content="text/html;charset=utf-8" />
  <meta name='ocr-system' content='tesseract 3.04.00' />
  <meta name='ocr-capabilities' content='ocr_page ocr_carea ocr_par ocr_line ocrx_word'/>
</head>
<body>
  <div class='ocr_page' id='page_1' title='image "./povidiinasoniso03ovidgoog_0349.png"; bbox 0 0 2367 3992; ppageno 0'>
   <div class='ocr_carea' id='block_1_1' title="bbox 349 639 915 730">
    <p class='ocr_par' dir='ltr' id='par_1_1' title="bbox 349 639 915 730">
     <span class='ocr_line' id='line_1_1' title="bbox 349 639 915 730; baseline 0 -23"><span class='ocrx_word' id='word_1_1' title='bbox 349 639 759 707; x_wconf 67' lang='lat' dir='ltr'>Pnunrorm</span> <span class='ocrx_word' id='word_1_2' title='bbox 853 660 915 730; x_wconf 57' lang='lat'>3„</span> 
     </span>
    </p>
   </div>
   <div class='ocr_carea' id='block_1_2' title="bbox 203 757 980 3394">
    <p class='ocr_par' dir='ltr' id='par_1_2' title="bbox 203 757 980 3394">
     <span class='ocr_line' id='line_1_2' title="bbox 239 757 969 829; baseline 0.003 -21"><span class='ocrx_word' id='word_1_3' title='bbox 239 757 303 815; x_wconf 73' lang='lat' dir='ltr'>‹Het</span> <span class='ocrx_word' id='word_1_4' title='bbox 320 758 397 809; x_wconf 85' lang='lat' dir='ltr'>mihi!</span> <span class='ocrx_word' id='word_1_5' title='bbox 410 777 458 826; x_wconf 92' lang='lat' dir='ltr'>quo</span> <span class='ocrx_word' id='word_1_6' title='bbox 470 759 565 809; x_wconf 84' lang='lat' dir='ltr'>credam</span> <span class='ocrx_word' id='word_1_7' title='bbox 577 764 691 826; x_wconf 73' lang='lat' dir='ltr'>pignore?</span> <span class='ocrx_word' id='word_1_8' title='bbox 703 759 713 829; x_wconf 90' lang='lat'><em>)</em></span> <span class='ocrx_word' id='word_1_9' title='bbox 726 761 787 809; x_wconf 78' lang='lat' dir='ltr'>casta</span> <span class='ocrx_word' id='word_1_10' title='bbox 798 776 888 810; x_wconf 76' lang='lat' dir='ltr'>manes.</span> <span class='ocrx_word' id='word_1_11' title='bbox 938 773 969 820; x_wconf 80' lang='lat'>50</span> 
     </span>
     <span class='ocr_line' id='line_1_3' title="bbox 203 835 782 902; baseline 0.005 -14"><span class='ocrx_word' id='word_1_12' title='bbox 203 835 286 888; x_wconf 88' lang='lat' dir='ltr'>Curve</span> <span class='ocrx_word' id='word_1_13' title='bbox 297 838 391 902; x_wconf 79' lang='lat' dir='ltr'>placent</span> <span class='ocrx_word' id='word_1_14' title='bbox 402 839 464 896; x_wconf 90' lang='lat' dir='ltr'>ulli,</span> <span class='ocrx_word' id='word_1_15' title='bbox 480 842 500 887; x_wconf 82' lang='lat' dir='ltr'>si</span> <span class='ocrx_word' id='word_1_16' title='bbox 513 841 603 888; x_wconf 85' lang='lat' dir='ltr'>suntin</span> <span class='ocrx_word' id='word_1_17' title='bbox 619 838 712 888; x_wconf 86' lang='lat' dir='ltr'>fletibus</span> <span class='ocrx_word' id='word_1_18' title='bbox 723 845 782 891; x_wconf 75' lang='lat' dir='ltr'>ora?</span> 
     </span>
     <span class='ocr_line' id='line_1_4' title="bbox 237 916 780 981; baseline 0.004 -17"><span class='ocrx_word' id='word_1_19' title='bbox 237 917 338 981; x_wconf 90' lang='lat' dir='ltr'>Deperit</span> <span class='ocrx_word' id='word_1_20' title='bbox 357 922 381 966; x_wconf 79' lang='grc' dir='ltr'>δι</span> <span class='ocrx_word' id='word_1_21' title='bbox 396 917 507 979; x_wconf 77' lang='lat' dir='ltr'>lacrymis</span> <span class='ocrx_word' id='word_1_22' title='bbox 522 927 572 966; x_wconf 87' lang='lat' dir='ltr'>uor&#39;r</span> <span class='ocrx_word' id='word_1_23' title='bbox 584 916 656 966; x_wconf 89' lang='lat' dir='ltr'>decor</span> <span class='ocrx_word' id='word_1_24' title='bbox 667 918 708 966; x_wconf 87' lang='lat' dir='ltr'>iste</span> <span class='ocrx_word' id='word_1_25' title='bbox 720 918 780 966; x_wconf 79' lang='lat' dir='ltr'>tibi?</span> 
     </span>
     <span class='ocr_line' id='line_1_5' title="bbox 205 993 911 1061; baseline -0.003 -17"><span class='ocrx_word' id='word_1_26' title='bbox 205 993 275 1044; x_wconf 75' lang='lat' dir='ltr'>Patra</span> <span class='ocrx_word' id='word_1_27' title='bbox 285 1012 381 1061; x_wconf 92' lang='lat' dir='ltr'>quoque</span> <span class='ocrx_word' id='word_1_28' title='bbox 391 1013 414 1044; x_wconf 84' lang='lat' dir='ltr'>es</span> <span class='ocrx_word' id='word_1_29' title='bbox 426 995 551 1053; x_wconf 82' lang='lat' dir='ltr'>thalamo,</span> <span class='ocrx_word' id='word_1_30' title='bbox 563 999 608 1044; x_wconf 86' lang='lat' dir='ltr'>nisi</span> <span class='ocrx_word' id='word_1_31' title='bbox 619 993 720 1043; x_wconf 80' lang='lat' dir='ltr'>mendax</span> <span class='ocrx_word' id='word_1_32' title='bbox 731 994 779 1044; x_wconf 83' lang='lat' dir='ltr'>tela</span> <span class='ocrx_word' id='word_1_33' title='bbox 789 1009 911 1053; x_wconf 87' lang='lat' dir='ltr'>moretur,</span> 
     </span>
     <span class='ocr_line' id='line_1_6' title="bbox 238 1072 861 1138; baseline 0 -16"><span class='ocrx_word' id='word_1_34' title='bbox 238 1073 270 1122; x_wconf 88' lang='lat' dir='ltr'>Et</span> <span class='ocrx_word' id='word_1_35' title='bbox 284 1088 391 1138; x_wconf 75' lang='lat' dir='ltr'>coeptum</span> <span class='ocrx_word' id='word_1_36' title='bbox 402 1090 497 1123; x_wconf 85' lang='lat' dir='ltr'>revoces</span> <span class='ocrx_word' id='word_1_37' title='bbox 512 1072 599 1122; x_wconf 84' lang='lat' dir='ltr'>callida</span> <span class='ocrx_word' id='word_1_38' title='bbox 614 1075 705 1138; x_wconf 82' lang='lat' dir='ltr'>semper</span> <span class='ocrx_word' id='word_1_39' title='bbox 718 1089 787 1138; x_wconf 65' lang='lat' dir='ltr'>opus⁴</span> <span class='ocrx_word' id='word_1_40' title='bbox 857 1121 861 1131; x_wconf 81' lang='grc'>,</span> 
     </span>
     <span class='ocr_line' id='line_1_7' title="bbox 206 1150 967 1219; baseline -0.004 -17"><span class='ocrx_word' id='word_1_41' title='bbox 206 1150 251 1202; x_wconf 73' lang='lat' dir='ltr'>Ars</span> <span class='ocrx_word' id='word_1_42' title='bbox 268 1155 306 1217; x_wconf 82' lang='lat' dir='ltr'>pia</span> <span class='ocrx_word' id='word_1_43' title='bbox 318 1172 324 1200; x_wconf 90' lang='lat'><strong>:</strong></span> <span class='ocrx_word' id='word_1_44' title='bbox 338 1151 378 1203; x_wconf 91' lang='lat' dir='ltr'>sed</span> <span class='ocrx_word' id='word_1_45' title='bbox 389 1157 482 1218; x_wconf 87' lang='lat' dir='ltr'>quoties</span> <span class='ocrx_word' id='word_1_46' title='bbox 490 1152 574 1201; x_wconf 87' lang='lat' dir='ltr'>oculos</span> <span class='ocrx_word' id='word_1_47' title='bbox 586 1151 725 1200; x_wconf 85' lang='lat' dir='ltr'>frustrabere</span> <span class='ocrx_word' id='word_1_48' title='bbox 735 1150 808 1211; x_wconf 70' lang='lat' dir='ltr'>lani,</span> <span class='ocrx_word' id='word_1_49' title='bbox 941 1169 967 1219; x_wconf 82' lang='lat'>55</span> 
     </span>
     <span class='ocr_line' id='line_1_8' title="bbox 241 1228 700 1279; baseline -0.007 0"><span class='ocrx_word' id='word_1_50' title='bbox 241 1229 376 1279; x_wconf 84' lang='lat' dir='ltr'>Succellum</span> <span class='ocrx_word' id='word_1_51' title='bbox 391 1235 462 1279; x_wconf 83' lang='lat' dir='ltr'>toties</span> <span class='ocrx_word' id='word_1_52' title='bbox 472 1247 507 1279; x_wconf 82' lang='lat' dir='ltr'>ars</span> <span class='ocrx_word' id='word_1_53' title='bbox 518 1228 584 1278; x_wconf 83' lang='lat' dir='ltr'>dabit</span> <span class='ocrx_word' id='word_1_54' title='bbox 595 1230 637 1277; x_wconf 82' lang='lat' dir='ltr'>illa</span> <span class='ocrx_word' id='word_1_55' title='bbox 648 1230 700 1277; x_wconf 88' lang='lat' dir='ltr'>tibi.</span> 
     </span>
     <span class='ocr_line' id='line_1_9' title="bbox 206 1307 896 1372; baseline -0.007 -13"><span class='ocrx_word' id='word_1_56' title='bbox 206 1307 245 1360; x_wconf 75' lang='lat' dir='ltr'>Ah</span> <span class='ocrx_word' id='word_1_57' title='bbox 257 1309 264 1356; x_wconf 86' lang='lat' dir='ltr'>l</span> <span class='ocrx_word' id='word_1_58' title='bbox 285 1308 385 1365; x_wconf 83' lang='lat' dir='ltr'>melitis,</span> <span class='ocrx_word' id='word_1_59' title='bbox 405 1308 566 1372; x_wconf 85' lang='lat' dir='ltr'>Polypheme,</span> <span class='ocrx_word' id='word_1_60' title='bbox 583 1321 625 1355; x_wconf 92' lang='lat' dir='ltr'>tuo</span> <span class='ocrx_word' id='word_1_61' title='bbox 638 1309 757 1370; x_wconf 80' lang='lat' dir='ltr'>superatus</span> <span class='ocrx_word' id='word_1_62' title='bbox 769 1309 796 1356; x_wconf 88' lang='lat' dir='ltr'>in</span> <span class='ocrx_word' id='word_1_63' title='bbox 809 1320 896 1366; x_wconf 86' lang='lat' dir='ltr'>antro,</span> 
     </span>
     <span class='ocr_line' id='line_1_10' title="bbox 241 1382 746 1448; baseline 0.002 -16"><span class='ocrx_word' id='word_1_64' title='bbox 241 1386 259 1433; x_wconf 89' lang='lat' dir='ltr'>F</span> <span class='ocrx_word' id='word_1_65' title='bbox 261 1382 352 1432; x_wconf 81' lang='lat' dir='ltr'>inillem</span> <span class='ocrx_word' id='word_1_66' title='bbox 365 1389 470 1448; x_wconf 78' lang='lat' dir='ltr'>ingratos</span> <span class='ocrx_word' id='word_1_67' title='bbox 483 1383 513 1433; x_wconf 81' lang='lat' dir='ltr'>ad</span> <span class='ocrx_word' id='word_1_68' title='bbox 528 1384 592 1433; x_wconf 84' lang='lat' dir='ltr'>mala</span> <span class='ocrx_word' id='word_1_69' title='bbox 605 1399 672 1433; x_wconf 78' lang='lat' dir='ltr'>tanta</span> <span class='ocrx_word' id='word_1_70' title='bbox 682 1383 746 1434; x_wconf 78' lang='lat' dir='ltr'>dies!</span> 
     </span>
     <span class='ocr_line' id='line_1_11' title="bbox 207 1460 770 1522; baseline -0.002 -11"><span class='ocrx_word' id='word_1_71' title='bbox 207 1462 324 1511; x_wconf 70' lang='lat' dir='ltr'>Threicio</span> <span class='ocrx_word' id='word_1_72' title='bbox 339 1462 423 1511; x_wconf 77' lang='lat' dir='ltr'>melitis</span> <span class='ocrx_word' id='word_1_73' title='bbox 438 1460 573 1511; x_wconf 81' lang='lat' dir='ltr'>cecidillem</span> <span class='ocrx_word' id='word_1_74' title='bbox 591 1462 669 1510; x_wconf 89' lang='lat' dir='ltr'>milite</span> <span class='ocrx_word' id='word_1_75' title='bbox 682 1465 770 1522; x_wconf 64' lang='lat' dir='ltr'>vidus,</span> 
     </span>
     <span class='ocr_line' id='line_1_12' title="bbox 242 1541 976 1598; baseline 0.004 -11"><span class='ocrx_word' id='word_1_76' title='bbox 242 1541 349 1589; x_wconf 82' lang='lat' dir='ltr'>lsmaron</span> <span class='ocrx_word' id='word_1_77' title='bbox 363 1557 464 1590; x_wconf 81' lang='lat' dir='ltr'>errantes</span> <span class='ocrx_word' id='word_1_78' title='bbox 476 1541 531 1590; x_wconf 81' lang='lat' dir='ltr'>ctlm</span> <span class='ocrx_word' id='word_1_79' title='bbox 542 1555 637 1589; x_wconf 88' lang='lat' dir='ltr'>tenuere</span> <span class='ocrx_word' id='word_1_80' title='bbox 647 1556 725 1589; x_wconf 79' lang='lat' dir='ltr'>rates:</span> <span class='ocrx_word' id='word_1_81' title='bbox 943 1559 976 1598; x_wconf 84' lang='lat'>60</span> 
     </span>
     <span class='ocr_line' id='line_1_13' title="bbox 208 1615 793 1682; baseline -0.002 -15"><span class='ocrx_word' id='word_1_82' title='bbox 208 1615 371 1667; x_wconf 80' lang='lat' dir='ltr'>Crudelemue</span> <span class='ocrx_word' id='word_1_83' title='bbox 384 1618 428 1666; x_wconf 90' lang='lat' dir='ltr'>illo</span> <span class='ocrx_word' id='word_1_84' title='bbox 439 1616 555 1667; x_wconf 84' lang='lat' dir='ltr'>satiaffem</span> <span class='ocrx_word' id='word_1_85' title='bbox 568 1633 677 1682; x_wconf 89' lang='lat' dir='ltr'>tempore</span> <span class='ocrx_word' id='word_1_86' title='bbox 693 1618 793 1677; x_wconf 87' lang='lat' dir='ltr'>Ditem,</span> 
     </span>
     <span class='ocr_line' id='line_1_14' title="bbox 246 1695 770 1761; baseline -0.002 -16"><span class='ocrx_word' id='word_1_87' title='bbox 246 1696 302 1756; x_wconf 86' lang='lat' dir='ltr'>Quo</span> <span class='ocrx_word' id='word_1_88' title='bbox 313 1695 373 1745; x_wconf 91' lang='lat' dir='ltr'>redii</span> <span class='ocrx_word' id='word_1_89' title='bbox 387 1700 488 1761; x_wconf 79' lang='lat' dir='ltr'><strong>Stygiis,</strong></span> <span class='ocrx_word' id='word_1_90' title='bbox 502 1697 550 1745; x_wconf 80' lang='lat' dir='ltr'>fata</span> <span class='ocrx_word' id='word_1_91' title='bbox 561 1713 682 1755; x_wconf 86' lang='lat' dir='ltr'>moratus,</span> <span class='ocrx_word' id='word_1_92' title='bbox 694 1699 770 1761; x_wconf 79' lang='lat' dir='ltr'>aquis.</span> 
     </span>
     <span class='ocr_line' id='line_1_15' title="bbox 210 1770 861 1840; baseline 0.002 -17"><span class='ocrx_word' id='word_1_93' title='bbox 210 1770 270 1823; x_wconf 82' lang='lat' dir='ltr'>Vidi</span> <span class='ocrx_word' id='word_1_94' title='bbox 283 1775 339 1829; x_wconf 87' lang='lat' dir='ltr'>ubi,</span> <span class='ocrx_word' id='word_1_95' title='bbox 351 1779 511 1840; x_wconf 81' lang='lat' dir='ltr'>nequicquam</span> <span class='ocrx_word' id='word_1_96' title='bbox 522 1772 588 1839; x_wconf 89' lang='lat' dir='ltr'>quod</span> <span class='ocrx_word' id='word_1_97' title='bbox 602 1792 641 1823; x_wconf 88' lang='lat' dir='ltr'>me</span> <span class='ocrx_word' id='word_1_98' title='bbox 652 1790 693 1824; x_wconf 82' lang='lat' dir='ltr'>tua</span> <span class='ocrx_word' id='word_1_99' title='bbox 704 1773 771 1824; x_wconf 82' lang='lat' dir='ltr'>litera</span> <span class='ocrx_word' id='word_1_100' title='bbox 780 1773 844 1824; x_wconf 79' lang='lat' dir='ltr'>celat</span> <span class='ocrx_word' id='word_1_101' title='bbox 851 1807 861 1834; x_wconf 93' lang='lat'>,</span> 
     </span>
     <span class='ocr_line' id='line_1_16' title="bbox 244 1850 738 1916; baseline 0.002 -16"><span class='ocrx_word' id='word_1_102' title='bbox 244 1853 326 1915; x_wconf 85' lang='lat' dir='ltr'>Sospes</span> <span class='ocrx_word' id='word_1_103' title='bbox 342 1850 444 1916; x_wconf 77' lang='lat' dir='ltr'>‹ligrell&#39;o</span> <span class='ocrx_word' id='word_1_104' title='bbox 455 1869 507 1916; x_wconf 69' lang='lat' dir='ltr'>quie</span> <span class='ocrx_word' id='word_1_105' title='bbox 520 1854 580 1898; x_wconf 89' lang='lat' dir='ltr'>mihi</span> <span class='ocrx_word' id='word_1_106' title='bbox 594 1867 738 1901; x_wconf 76' lang='lat' dir='ltr'>materetat.</span> 
     </span>
     <span class='ocr_line' id='line_1_17' title="bbox 212 1927 972 1998; baseline -0.001 -21"><span class='ocrx_word' id='word_1_107' title='bbox 212 1929 304 1977; x_wconf 84' lang='lat' dir='ltr'>Retulit</span> <span class='ocrx_word' id='word_1_108' title='bbox 314 1928 358 1977; x_wconf 83' lang='lat' dir='ltr'>illa</span> <span class='ocrx_word' id='word_1_109' title='bbox 371 1927 458 1978; x_wconf 80' lang='lat' dir='ltr'>demtis</span> <span class='ocrx_word' id='word_1_110' title='bbox 472 1927 554 1976; x_wconf 83' lang='lat' dir='ltr'>eadem</span> <span class='ocrx_word' id='word_1_111' title='bbox 565 1928 646 1976; x_wconf 84' lang='lat' dir='ltr'>mala:</span> <span class='ocrx_word' id='word_1_112' title='bbox 659 1944 745 1993; x_wconf 86' lang='lat' dir='ltr'>meque</span> <span class='ocrx_word' id='word_1_113' title='bbox 755 1942 894 1994; x_wconf 87' lang='lat' dir='ltr'>querentem</span> <span class='ocrx_word' id='word_1_114' title='bbox 942 1943 972 1998; x_wconf 76' lang='lat'>⁶5</span> 
     </span>
     <span class='ocr_line' id='line_1_18' title="bbox 245 2005 725 2070; baseline 0.006 -18"><span class='ocrx_word' id='word_1_115' title='bbox 245 2006 329 2070; x_wconf 79' lang='lat' dir='ltr'>Fugit,</span> <span class='ocrx_word' id='word_1_116' title='bbox 345 2009 374 2055; x_wconf 82' lang='lat' dir='ltr'>ab</span> <span class='ocrx_word' id='word_1_117' title='bbox 384 2005 494 2070; x_wconf 83' lang='lat' dir='ltr'>amplexu</span> <span class='ocrx_word' id='word_1_118' title='bbox 505 2021 539 2053; x_wconf 92' lang='lat' dir='ltr'>ter</span> <span class='ocrx_word' id='word_1_119' title='bbox 549 2007 651 2054; x_wconf 82' lang='lat' dir='ltr'>resoluta</span> <span class='ocrx_word' id='word_1_120' title='bbox 660 2022 725 2055; x_wconf 87' lang='lat' dir='ltr'>meo.</span> 
     </span>
     <span class='ocr_line' id='line_1_19' title="bbox 212 2083 776 2145; baseline -0.002 -13"><span class='ocrx_word' id='word_1_121' title='bbox 212 2083 369 2145; x_wconf 83' lang='lat' dir='ltr'>Phyllaciden</span> <span class='ocrx_word' id='word_1_122' title='bbox 384 2083 452 2133; x_wconf 80' lang='lat' dir='ltr'>vidi:</span> <span class='ocrx_word' id='word_1_123' title='bbox 466 2087 594 2132; x_wconf 83' lang='lat' dir='ltr'>contemtis</span> <span class='ocrx_word' id='word_1_124' title='bbox 604 2085 721 2143; x_wconf 86' lang='lat' dir='ltr'>sortibus,</span> <span class='ocrx_word' id='word_1_125' title='bbox 734 2083 776 2132; x_wconf 91' lang='lat' dir='ltr'>ille</span> 
     </span>
     <span class='ocr_line' id='line_1_20' title="bbox 246 2160 797 2212; baseline 0.004 -3"><span class='ocrx_word' id='word_1_126' title='bbox 246 2163 338 2211; x_wconf 87' lang='lat' dir='ltr'>Primus</span> <span class='ocrx_word' id='word_1_127' title='bbox 349 2165 374 2210; x_wconf 88' lang='lat' dir='ltr'>in</span> <span class='ocrx_word' id='word_1_128' title='bbox 390 2161 515 2211; x_wconf 64' lang='lat' dir='ltr'>Hestoreas</span> <span class='ocrx_word' id='word_1_129' title='bbox 526 2162 609 2210; x_wconf 87' lang='lat' dir='ltr'>intulit</span> <span class='ocrx_word' id='word_1_130' title='bbox 625 2179 689 2210; x_wconf 81' lang='lat' dir='ltr'>arma</span> <span class='ocrx_word' id='word_1_131' title='bbox 700 2160 797 2212; x_wconf 86' lang='lat' dir='ltr'>domos.</span> 
     </span>
     <span class='ocr_line' id='line_1_21' title="bbox 213 2238 805 2304; baseline 0.007 -18"><span class='ocrx_word' id='word_1_132' title='bbox 213 2238 279 2287; x_wconf 82' lang='lat' dir='ltr'>Felix</span> <span class='ocrx_word' id='word_1_133' title='bbox 295 2238 391 2289; x_wconf 74' lang='lat' dir='ltr'>laudati</span> <span class='ocrx_word' id='word_1_134' title='bbox 402 2256 457 2288; x_wconf 86' lang='lat' dir='ltr'>eum</span> <span class='ocrx_word' id='word_1_135' title='bbox 468 2240 581 2303; x_wconf 76' lang='lat' dir='ltr'>conjuge!</span> <span class='ocrx_word' id='word_1_136' title='bbox 597 2238 650 2288; x_wconf 81' lang='lat' dir='ltr'>laeta</span> <span class='ocrx_word' id='word_1_137' title='bbox 660 2258 699 2304; x_wconf 89' lang='lat' dir='ltr'>per</span> <span class='ocrx_word' id='word_1_138' title='bbox 710 2241 805 2290; x_wconf 82' lang='lat' dir='ltr'>umbrae</span> 
     </span>
     <span class='ocr_line' id='line_1_22' title="bbox 247 2316 979 2390; baseline 0.007 -27"><span class='ocrx_word' id='word_1_139' title='bbox 247 2316 291 2364; x_wconf 85' lang='lat' dir='ltr'>llla</span> <span class='ocrx_word' id='word_1_140' title='bbox 306 2319 374 2365; x_wconf 88' lang='lat' dir='ltr'>suum</span> <span class='ocrx_word' id='word_1_141' title='bbox 391 2316 464 2365; x_wconf 86' lang='lat' dir='ltr'>fortes</span> <span class='ocrx_word' id='word_1_142' title='bbox 479 2321 499 2364; x_wconf 94' lang='lat' dir='ltr'>it</span> <span class='ocrx_word' id='word_1_143' title='bbox 516 2321 631 2365; x_wconf 82' lang='lat' dir='ltr'>comitata</span> <span class='ocrx_word' id='word_1_144' title='bbox 644 2321 731 2366; x_wconf 85' lang='lat' dir='ltr'>virum.</span> <span class='ocrx_word' id='word_1_145' title='bbox 945 2344 979 2390; x_wconf 79' lang='lat'>70</span> 
     </span>
     <span class='ocr_line' id='line_1_23' title="bbox 214 2392 859 2447; baseline 0.005 -3"><span class='ocrx_word' id='word_1_146' title='bbox 214 2394 266 2444; x_wconf 84' lang='lat' dir='ltr'>Nec</span> <span class='ocrx_word' id='word_1_147' title='bbox 278 2393 336 2443; x_wconf 92' lang='lat' dir='ltr'>dum</span> <span class='ocrx_word' id='word_1_148' title='bbox 345 2395 382 2443; x_wconf 91' lang='lat' dir='ltr'>illi</span> <span class='ocrx_word' id='word_1_149' title='bbox 395 2395 501 2443; x_wconf 83' lang='lat' dir='ltr'>Lachesis</span> <span class='ocrx_word' id='word_1_150' title='bbox 510 2392 584 2444; x_wconf 72' lang='lat' dir='ltr'>distos</span> <span class='ocrx_word' id='word_1_151' title='bbox 595 2412 759 2446; x_wconf 80' lang='lat' dir='ltr'>numeraverat</span> <span class='ocrx_word' id='word_1_152' title='bbox 769 2411 859 2447; x_wconf 66' lang='lat' dir='ltr'>annosi</span> 
     </span>
     <span class='ocr_line' id='line_1_24' title="bbox 248 2470 757 2537; baseline 0.008 -17"><span class='ocrx_word' id='word_1_153' title='bbox 248 2470 294 2521; x_wconf 86' lang='lat' dir='ltr'>Sed</span> <span class='ocrx_word' id='word_1_154' title='bbox 301 2477 368 2537; x_wconf 82' lang='lat' dir='ltr'>juvat</span> <span class='ocrx_word' id='word_1_155' title='bbox 378 2487 432 2521; x_wconf 84' lang='lat' dir='ltr'>ante</span> <span class='ocrx_word' id='word_1_156' title='bbox 442 2475 511 2521; x_wconf 90' lang='lat' dir='ltr'>suum</span> <span class='ocrx_word' id='word_1_157' title='bbox 520 2475 553 2521; x_wconf 87' lang='lat' dir='ltr'>sic</span> <span class='ocrx_word' id='word_1_158' title='bbox 564 2470 674 2522; x_wconf 80' lang='lat' dir='ltr'>cecidilse</span> <span class='ocrx_word' id='word_1_159' title='bbox 684 2473 757 2524; x_wconf 81' lang='lat' dir='ltr'>diem.</span> 
     </span>
     <span class='ocr_line' id='line_1_25' title="bbox 215 2546 797 2613; baseline 0.003 -13"><span class='ocrx_word' id='word_1_160' title='bbox 215 2546 274 2600; x_wconf 83' lang='lat' dir='ltr'>Vidi</span> <span class='ocrx_word' id='word_1_161' title='bbox 286 2584 293 2607; x_wconf 93' lang='lat'>,</span> <span class='ocrx_word' id='word_1_162' title='bbox 310 2566 354 2598; x_wconf 90' lang='lat' dir='ltr'>nec</span> <span class='ocrx_word' id='word_1_163' title='bbox 370 2550 485 2613; x_wconf 78' lang='lat' dir='ltr'>lacrymas</span> <span class='ocrx_word' id='word_1_164' title='bbox 496 2551 560 2600; x_wconf 90' lang='lat' dir='ltr'>oculi</span> <span class='ocrx_word' id='word_1_165' title='bbox 569 2565 664 2600; x_wconf 86' lang='lat' dir='ltr'>tenuere</span> <span class='ocrx_word' id='word_1_166' title='bbox 672 2551 797 2613; x_wconf 77' lang='lat' dir='ltr'>cadentes,</span> 
     </span>
     <span class='ocr_line' id='line_1_26' title="bbox 249 2627 831 2686; baseline 0.012 -11"><span class='ocrx_word' id='word_1_167' title='bbox 249 2627 390 2677; x_wconf 87' lang='lat' dir='ltr'>Deformem</span> <span class='ocrx_word' id='word_1_168' title='bbox 409 2627 522 2686; x_wconf 81' lang='lat' dir='ltr'>Atriden,</span> <span class='ocrx_word' id='word_1_169' title='bbox 538 2631 577 2677; x_wconf 91' lang='lat' dir='ltr'>hei</span> <span class='ocrx_word' id='word_1_170' title='bbox 592 2631 666 2678; x_wconf 86' lang='lat' dir='ltr'>mihi!</span> <span class='ocrx_word' id='word_1_171' title='bbox 680 2629 742 2680; x_wconf 86' lang='lat' dir='ltr'>caede</span> <span class='ocrx_word' id='word_1_172' title='bbox 757 2633 831 2682; x_wconf 70' lang='lat' dir='ltr'>novi.</span> 
     </span>
     <span class='ocr_line' id='line_1_27' title="bbox 215 2702 976 2785; baseline 0.011 -32"><span class='ocrx_word' id='word_1_173' title='bbox 215 2702 289 2753; x_wconf 89' lang='lat' dir='ltr'>lllum</span> <span class='ocrx_word' id='word_1_174' title='bbox 302 2705 376 2767; x_wconf 73' lang='lat' dir='ltr'>Troia</span> <span class='ocrx_word' id='word_1_175' title='bbox 385 2709 463 2754; x_wconf 85' lang='lat' dir='ltr'>virum</span> <span class='ocrx_word' id='word_1_176' title='bbox 474 2723 523 2754; x_wconf 89' lang='lat' dir='ltr'>non</span> <span class='ocrx_word' id='word_1_177' title='bbox 537 2705 641 2755; x_wconf 81' lang='lat' dir='ltr'>laeserat:</span> <span class='ocrx_word' id='word_1_178' title='bbox 652 2707 693 2755; x_wconf 87' lang='lat' dir='ltr'>ille</span> <span class='ocrx_word' id='word_1_179' title='bbox 705 2708 822 2758; x_wconf 88' lang='lat' dir='ltr'>furentem</span> <span class='ocrx_word' id='word_1_180' title='bbox 833 2731 839 2749; x_wconf 58' lang='lat' dir='ltr'>x</span> <span class='ocrx_word' id='word_1_181' title='bbox 946 2740 976 2785; x_wconf 85' lang='lat'>75</span> 
     </span>
     <span class='ocr_line' id='line_1_28' title="bbox 251 2781 875 2850; baseline 0.013 -23"><span class='ocrx_word' id='word_1_182' title='bbox 251 2781 390 2844; x_wconf 78' lang='lat' dir='ltr'>Nauplion,</span> <span class='ocrx_word' id='word_1_183' title='bbox 409 2783 529 2831; x_wconf 82' lang='lat' dir='ltr'>Euboicos</span> <span class='ocrx_word' id='word_1_184' title='bbox 539 2786 709 2850; x_wconf 78' lang='lat' dir='ltr'>transieratque</span> <span class='ocrx_word' id='word_1_185' title='bbox 726 2790 797 2836; x_wconf 85' lang='lat' dir='ltr'>sinus.</span> <span class='ocrx_word' id='word_1_186' title='bbox 873 2783 875 2786; x_wconf 64' lang='grc'><strong>’</strong></span> 
     </span>
     <span class='ocr_line' id='line_1_29' title="bbox 217 2855 872 2929; baseline 0.02 -25"><span class='ocrx_word' id='word_1_187' title='bbox 217 2855 284 2918; x_wconf 88' lang='lat' dir='ltr'>Quid</span> <span class='ocrx_word' id='word_1_188' title='bbox 292 2857 380 2907; x_wconf 78' lang='lat' dir='ltr'>refert?</span> <span class='ocrx_word' id='word_1_189' title='bbox 397 2863 502 2908; x_wconf 80' lang='lat' dir='ltr'>animani</span> <span class='ocrx_word' id='word_1_190' title='bbox 514 2878 555 2924; x_wconf 91' lang='lat' dir='ltr'>per</span> <span class='ocrx_word' id='word_1_191' title='bbox 566 2861 664 2911; x_wconf 77' lang='lat' dir='ltr'>vulnera</span> <span class='ocrx_word' id='word_1_192' title='bbox 670 2861 739 2919; x_wconf 83' lang='lat' dir='ltr'>mille</span> <span class='ocrx_word' id='word_1_193' title='bbox 749 2863 872 2929; x_wconf 79' lang='lat' dir='ltr'>profudit,</span> 
     </span>
     <span class='ocr_line' id='line_1_30' title="bbox 250 2935 732 2990; baseline 0.015 -8"><span class='ocrx_word' id='word_1_194' title='bbox 250 2935 302 2983; x_wconf 79' lang='lat' dir='ltr'>Jam</span> <span class='ocrx_word' id='word_1_195' title='bbox 317 2935 398 2985; x_wconf 89' lang='lat' dir='ltr'>reduci</span> <span class='ocrx_word' id='word_1_196' title='bbox 408 2938 500 2986; x_wconf 82' lang='lat' dir='ltr'>solvens</span> <span class='ocrx_word' id='word_1_197' title='bbox 512 2936 591 2989; x_wconf 88' lang='lat' dir='ltr'>debita</span> <span class='ocrx_word' id='word_1_198' title='bbox 602 2955 659 2989; x_wconf 78' lang='lat' dir='ltr'>vota</span> <span class='ocrx_word' id='word_1_199' title='bbox 670 2941 732 2990; x_wconf 84' lang='lat' dir='ltr'>lovi.</span> 
     </span>
     <span class='ocr_line' id='line_1_31' title="bbox 218 3011 756 3083; baseline 0.007 -19"><span class='ocrx_word' id='word_1_200' title='bbox 218 3011 391 3077; x_wconf 74' lang='lat' dir='ltr'>Tyndaris-has</span> <span class='ocrx_word' id='word_1_201' title='bbox 402 3014 438 3063; x_wconf 88' lang='lat' dir='ltr'>illi</span> <span class='ocrx_word' id='word_1_202' title='bbox 449 3015 504 3064; x_wconf 83' lang='lat' dir='ltr'>laeso</span> <span class='ocrx_word' id='word_1_203' title='bbox 517 3032 561 3080; x_wconf 89' lang='lat' dir='ltr'>pro</span> <span class='ocrx_word' id='word_1_204' title='bbox 571 3015 662 3066; x_wconf 72' lang='lat' dir='ltr'>fodere</span> <span class='ocrx_word' id='word_1_205' title='bbox 675 3035 756 3083; x_wconf 74' lang='lat' dir='ltr'>porum</span> 
     </span>
     <span class='ocr_line' id='line_1_32' title="bbox 251 3095 980 3158; baseline 0.015 -17"><span class='ocrx_word' id='word_1_206' title='bbox 251 3095 387 3151; x_wconf 69' lang='lat' dir='ltr'>struxerat,</span> <span class='ocrx_word' id='word_1_207' title='bbox 400 3109 507 3143; x_wconf 83' lang='lat' dir='ltr'>externos</span> <span class='ocrx_word' id='word_1_208' title='bbox 517 3096 567 3158; x_wconf 78' lang='lat' dir='ltr'>ipsa</span> <span class='ocrx_word' id='word_1_209' title='bbox 579 3096 658 3145; x_wconf 80' lang='lat' dir='ltr'>secuta</span> <span class='ocrx_word' id='word_1_210' title='bbox 668 3100 741 3147; x_wconf 82' lang='lat' dir='ltr'>viros.</span> <span class='ocrx_word' id='word_1_211' title='bbox 948 3105 980 3154; x_wconf 77' lang='lat'>80</span> 
     </span>
     <span class='ocr_line' id='line_1_33' title="bbox 219 3168 865 3237; baseline 0.012 -16"><span class='ocrx_word' id='word_1_212' title='bbox 219 3170 272 3221; x_wconf 79' lang='lat' dir='ltr'>Ah!</span> <span class='ocrx_word' id='word_1_213' title='bbox 289 3168 418 3236; x_wconf 79' lang='lat' dir='ltr'>mihiquid</span> <span class='ocrx_word' id='word_1_214' title='bbox 428 3169 537 3235; x_wconf 84' lang='lat' dir='ltr'>prodest,</span> <span class='ocrx_word' id='word_1_215' title='bbox 549 3177 654 3237; x_wconf 79' lang='lat' dir='ltr'>captivas</span> <span class='ocrx_word' id='word_1_216' title='bbox 665 3174 794 3227; x_wconf 78' lang='lat' dir='ltr'>Teucridre</span> <span class='ocrx_word' id='word_1_217' title='bbox 803 3179 865 3228; x_wconf 87' lang='lat' dir='ltr'>inter</span> 
     </span>
     <span class='ocr_line' id='line_1_34' title="bbox 252 3247 789 3317; baseline 0.006 -19"><span class='ocrx_word' id='word_1_218' title='bbox 252 3247 318 3298; x_wconf 72' lang='lat' dir='ltr'>Cilrn</span> <span class='ocrx_word' id='word_1_219' title='bbox 331 3249 400 3297; x_wconf 81' lang='lat' dir='ltr'>staret</span> <span class='ocrx_word' id='word_1_220' title='bbox 408 3253 496 3312; x_wconf 80' lang='lat' dir='ltr'>conjux</span> <span class='ocrx_word' id='word_1_221' title='bbox 507 3249 615 3301; x_wconf 60' lang='lat' dir='ltr'>Haueris</span> <span class='ocrx_word' id='word_1_222' title='bbox 625 3266 695 3317; x_wconf 75' lang='lat' dir='ltr'>etque</span> <span class='ocrx_word' id='word_1_223' title='bbox 705 3254 789 3314; x_wconf 88' lang='lat' dir='ltr'>soror,</span> 
     </span>
     <span class='ocr_line' id='line_1_35' title="bbox 219 3322 773 3394; baseline 0.016 -21"><span class='ocrx_word' id='word_1_224' title='bbox 219 3322 324 3379; x_wconf 69' lang='lat' dir='ltr'>Detecto</span> <span class='ocrx_word' id='word_1_225' title='bbox 335 3327 449 3391; x_wconf 83' lang='lat' dir='ltr'>Hecuben</span> <span class='ocrx_word' id='word_1_226' title='bbox 455 3325 536 3393; x_wconf 74' lang='lat' dir='ltr'>potitis</span> <span class='ocrx_word' id='word_1_227' title='bbox 544 3322 626 3394; x_wconf 76' lang='lat' dir='ltr'>legilse</span> <span class='ocrx_word' id='word_1_228' title='bbox 637 3331 773 3392; x_wconf 74' lang='lat' dir='ltr'>suberinis,</span> 
     </span>
    </p>
   </div>
   <div class='ocr_carea' id='block_1_3' title="bbox 0 0 1216 3992">
    <p class='ocr_par' dir='ltr' id='par_1_3' title="bbox 0 0 1216 3992">
     <span class='ocr_line' id='line_1_36' title="bbox 0 0 1216 3992; baseline 0 0"><span class='ocrx_word' id='word_1_229' title='bbox 0 0 1216 3992; x_wconf 95' lang='lat' dir='ltr'> </span> 
     </span>
    </p>
   </div>
  </div>
 </body>
</html>
