<?xml version="1.0" encoding="UTF-8"?>
<!DOCTYPE html PUBLIC "-//W3C//DTD XHTML 1.0 Transitional//EN"
    "http://www.w3.org/TR/xhtml1/DTD/xhtml1-transitional.dtd">
<html xmlns="http://www.w3.org/1999/xhtml" xml:lang="en" lang="en">
 <head>
  <title>
</title>
<meta http-equiv="Content-Type" content="text/html;charset=utf-8" />
  <meta name='ocr-system' content='tesseract 3.04.00' />
  <meta name='ocr-capabilities' content='ocr_page ocr_carea ocr_par ocr_line ocrx_word'/>
</head>
<body>
  <div class='ocr_page' id='page_1' title='image "./povidiinasoniso03ovidgoog_0088.png"; bbox 0 0 2367 3992; ppageno 0'>
   <div class='ocr_carea' id='block_1_1' title="bbox 272 463 885 553">
    <p class='ocr_par' dir='ltr' id='par_1_1' title="bbox 272 463 885 553">
     <span class='ocr_line' id='line_1_1' title="bbox 272 463 885 553; baseline -0.002 -21"><span class='ocrx_word' id='word_1_1' title='bbox 272 486 320 553; x_wconf 81' lang='lat'>70</span> <span class='ocrx_word' id='word_1_2' title='bbox 377 463 420 533; x_wconf 90' lang='lat' dir='ltr'>P.</span> <span class='ocrx_word' id='word_1_3' title='bbox 443 465 628 532; x_wconf 74' lang='lat' dir='ltr'>Onrnrr</span> <span class='ocrx_word' id='word_1_4' title='bbox 652 464 885 533; x_wconf 74' lang='lat' dir='ltr'>anoturs</span> 
     </span>
    </p>
   </div>
   <div class='ocr_carea' id='block_1_2' title="bbox 213 585 976 3075">
    <p class='ocr_par' dir='ltr' id='par_1_2' title="bbox 213 585 976 3075">
     <span class='ocr_line' id='line_1_2' title="bbox 273 585 933 652; baseline -0.003 -16"><span class='ocrx_word' id='word_1_5' title='bbox 273 591 344 637; x_wconf 85' lang='lat' dir='ltr'>Sume</span> <span class='ocrx_word' id='word_1_6' title='bbox 356 585 428 636; x_wconf 83' lang='lat' dir='ltr'>fidem</span> <span class='ocrx_word' id='word_1_7' title='bbox 438 591 462 636; x_wconf 72' lang='grc' dir='ltr'>ὃ(</span> <span class='ocrx_word' id='word_1_8' title='bbox 473 589 623 652; x_wconf 64' lang='lat' dir='ltr'>pharetram</span> <span class='ocrx_word' id='word_1_9' title='bbox 633 585 674 637; x_wconf 83' lang='lat' dir='ltr'>fies</span> <span class='ocrx_word' id='word_1_10' title='bbox 684 587 819 637; x_wconf 85' lang='lat' dir='ltr'>manifestus</span> <span class='ocrx_word' id='word_1_11' title='bbox 830 585 933 651; x_wconf 79' lang='lat' dir='ltr'><strong>Apollo.</strong></span> 
     </span>
     <span class='ocr_line' id='line_1_3' title="bbox 304 663 809 730; baseline -0.006 -15"><span class='ocrx_word' id='word_1_12' title='bbox 304 663 425 715; x_wconf 79' lang='lat' dir='ltr'><strong>Accedant</strong></span> <span class='ocrx_word' id='word_1_13' title='bbox 438 668 510 730; x_wconf 84' lang='lat' dir='ltr'>capiti</span> <span class='ocrx_word' id='word_1_14' title='bbox 523 682 627 726; x_wconf 61' lang='lat' dir='ltr'>cornua,</span> <span class='ocrx_word' id='word_1_15' title='bbox 641 667 746 715; x_wconf 84' lang='lat' dir='ltr'>Bacchus</span> <span class='ocrx_word' id='word_1_16' title='bbox 756 669 809 714; x_wconf 82' lang='lat' dir='ltr'>eris.</span> 
     </span>
     <span class='ocr_line' id='line_1_4' title="bbox 224 741 959 808; baseline -0.005 -12"><span class='ocrx_word' id='word_1_17' title='bbox 224 747 252 796; x_wconf 87' lang='lat'>²5</span> <span class='ocrx_word' id='word_1_18' title='bbox 271 744 302 794; x_wconf 83' lang='lat' dir='ltr'>Et</span> <span class='ocrx_word' id='word_1_19' title='bbox 318 746 421 793; x_wconf 80' lang='lat' dir='ltr'>Phoebus</span> <span class='ocrx_word' id='word_1_20' title='bbox 430 744 566 808; x_wconf 81' lang='lat' dir='ltr'>Daphnen,</span> <span class='ocrx_word' id='word_1_21' title='bbox 578 748 604 794; x_wconf 86' lang='lat'><strong>&amp;</strong></span> <span class='ocrx_word' id='word_1_22' title='bbox 616 741 724 794; x_wconf 84' lang='lat' dir='ltr'>Gnosida</span> <span class='ocrx_word' id='word_1_23' title='bbox 737 744 841 792; x_wconf 84' lang='lat' dir='ltr'>Bacchus</span> <span class='ocrx_word' id='word_1_24' title='bbox 852 744 959 801; x_wconf 66' lang='lat' dir='ltr'>amavits</span> 
     </span>
     <span class='ocr_line' id='line_1_5' title="bbox 304 820 839 884; baseline -0.009 -12"><span class='ocrx_word' id='word_1_25' title='bbox 304 823 355 872; x_wconf 87' lang='lat' dir='ltr'>Nec</span> <span class='ocrx_word' id='word_1_26' title='bbox 371 836 442 871; x_wconf 87' lang='lat' dir='ltr'>norat</span> <span class='ocrx_word' id='word_1_27' title='bbox 452 820 539 884; x_wconf 79' lang='lat' dir='ltr'>lyricos</span> <span class='ocrx_word' id='word_1_28' title='bbox 550 822 610 882; x_wconf 87' lang='lat' dir='ltr'>illa,</span> <span class='ocrx_word' id='word_1_29' title='bbox 623 822 661 872; x_wconf 89' lang='lat' dir='ltr'>vel</span> <span class='ocrx_word' id='word_1_30' title='bbox 672 822 731 881; x_wconf 84' lang='lat' dir='ltr'>illa,</span> <span class='ocrx_word' id='word_1_31' title='bbox 743 820 839 870; x_wconf 88' lang='lat' dir='ltr'>modos.</span> 
     </span>
     <span class='ocr_line' id='line_1_6' title="bbox 270 896 898 964; baseline -0.005 -15"><span class='ocrx_word' id='word_1_32' title='bbox 270 901 302 949; x_wconf 80' lang='lat' dir='ltr'>At</span> <span class='ocrx_word' id='word_1_33' title='bbox 311 902 371 948; x_wconf 88' lang='lat' dir='ltr'>mihi</span> <span class='ocrx_word' id='word_1_34' title='bbox 383 897 506 964; x_wconf 75' lang='lat' dir='ltr'>Pegasides</span> <span class='ocrx_word' id='word_1_35' title='bbox 515 898 670 948; x_wconf 83' lang='lat' dir='ltr'>blandissima</span> <span class='ocrx_word' id='word_1_36' title='bbox 679 903 785 948; x_wconf 81' lang='lat' dir='ltr'>carmina</span> <span class='ocrx_word' id='word_1_37' title='bbox 793 896 882 947; x_wconf 66' lang='lat' dir='ltr'>distant</span> <span class='ocrx_word' id='word_1_38' title='bbox 891 914 898 946; x_wconf 80' lang='lat' dir='ltr'>e</span> 
     </span>
     <span class='ocr_line' id='line_1_7' title="bbox 301 978 831 1027; baseline 0.002 -2"><span class='ocrx_word' id='word_1_39' title='bbox 301 978 313 1026; x_wconf 83' lang='lat' dir='ltr'>J</span> <span class='ocrx_word' id='word_1_40' title='bbox 316 995 353 1025; x_wconf 86' lang='lat' dir='ltr'>am</span> <span class='ocrx_word' id='word_1_41' title='bbox 366 981 459 1027; x_wconf 84' lang='lat' dir='ltr'>canitur</span> <span class='ocrx_word' id='word_1_42' title='bbox 470 992 523 1027; x_wconf 87' lang='lat' dir='ltr'>toto</span> <span class='ocrx_word' id='word_1_43' title='bbox 533 994 624 1027; x_wconf 89' lang='lat' dir='ltr'>nomen</span> <span class='ocrx_word' id='word_1_44' title='bbox 634 982 660 1026; x_wconf 92' lang='lat' dir='ltr'>in</span> <span class='ocrx_word' id='word_1_45' title='bbox 671 979 729 1026; x_wconf 87' lang='lat' dir='ltr'>orbe</span> <span class='ocrx_word' id='word_1_46' title='bbox 739 995 831 1027; x_wconf 88' lang='lat' dir='ltr'>meum.</span> 
     </span>
     <span class='ocr_line' id='line_1_8' title="bbox 269 1055 879 1122; baseline -0.002 -18"><span class='ocrx_word' id='word_1_47' title='bbox 269 1055 321 1104; x_wconf 85' lang='lat' dir='ltr'>Nec</span> <span class='ocrx_word' id='word_1_48' title='bbox 331 1055 384 1121; x_wconf 85' lang='lat' dir='ltr'>plus</span> <span class='ocrx_word' id='word_1_49' title='bbox 395 1055 500 1116; x_wconf 83' lang='lat' dir='ltr'>Alcaeus,</span> <span class='ocrx_word' id='word_1_50' title='bbox 513 1058 609 1105; x_wconf 85' lang='lat' dir='ltr'>consors</span> <span class='ocrx_word' id='word_1_51' title='bbox 621 1058 748 1122; x_wconf 69' lang='lat' dir='ltr'>patriaque</span> <span class='ocrx_word' id='word_1_52' title='bbox 760 1056 863 1120; x_wconf 86' lang='lat' dir='ltr'>lyraeque</span> <span class='ocrx_word' id='word_1_53' title='bbox 870 1086 879 1114; x_wconf 88' lang='lat'>‚</span> 
     </span>
     <span class='ocr_line' id='line_1_9' title="bbox 222 1131 873 1199; baseline -0.003 -17"><span class='ocrx_word' id='word_1_54' title='bbox 222 1143 251 1190; x_wconf 71' lang='lat'>30</span> <span class='ocrx_word' id='word_1_55' title='bbox 302 1131 388 1198; x_wconf 85' lang='lat' dir='ltr'>Laudis</span> <span class='ocrx_word' id='word_1_56' title='bbox 402 1135 492 1190; x_wconf 80' lang='lat' dir='ltr'>habet:</span> <span class='ocrx_word' id='word_1_57' title='bbox 504 1136 612 1199; x_wconf 88' lang='lat' dir='ltr'>quamvis</span> <span class='ocrx_word' id='word_1_58' title='bbox 623 1133 734 1199; x_wconf 80' lang='lat' dir='ltr'>grandius</span> <span class='ocrx_word' id='word_1_59' title='bbox 744 1133 786 1182; x_wconf 88' lang='lat' dir='ltr'>iiie</span> <span class='ocrx_word' id='word_1_60' title='bbox 797 1135 873 1180; x_wconf 85' lang='lat' dir='ltr'>sonet.</span> 
     </span>
     <span class='ocr_line' id='line_1_10' title="bbox 269 1212 829 1277; baseline -0.005 -15"><span class='ocrx_word' id='word_1_61' title='bbox 269 1214 294 1262; x_wconf 87' lang='lat' dir='ltr'>Si</span> <span class='ocrx_word' id='word_1_62' title='bbox 312 1216 373 1261; x_wconf 88' lang='lat' dir='ltr'>mihi</span> <span class='ocrx_word' id='word_1_63' title='bbox 384 1212 488 1267; x_wconf 82' lang='lat' dir='ltr'>difficilis</span> <span class='ocrx_word' id='word_1_64' title='bbox 503 1214 608 1263; x_wconf 87' lang='lat' dir='ltr'>formam</span> <span class='ocrx_word' id='word_1_65' title='bbox 618 1228 703 1263; x_wconf 87' lang='lat' dir='ltr'>natura</span> <span class='ocrx_word' id='word_1_66' title='bbox 714 1214 829 1277; x_wconf 85' lang='lat' dir='ltr'>negavit,</span> 
     </span>
     <span class='ocr_line' id='line_1_11' title="bbox 301 1290 794 1357; baseline -0.004 -18"><span class='ocrx_word' id='word_1_67' title='bbox 301 1291 401 1355; x_wconf 83' lang='lat' dir='ltr'>Ingenio</span> <span class='ocrx_word' id='word_1_68' title='bbox 416 1292 502 1340; x_wconf 67' lang='lat' dir='ltr'>formae</span> <span class='ocrx_word' id='word_1_69' title='bbox 512 1291 600 1342; x_wconf 88' lang='lat' dir='ltr'>damna</span> <span class='ocrx_word' id='word_1_70' title='bbox 611 1290 715 1357; x_wconf 85' lang='lat' dir='ltr'>rependo</span> <span class='ocrx_word' id='word_1_71' title='bbox 727 1303 794 1338; x_wconf 81' lang='lat' dir='ltr'>meae.</span> 
     </span>
     <span class='ocr_line' id='line_1_12' title="bbox 269 1367 959 1435; baseline -0.003 -18"><span class='ocrx_word' id='word_1_72' title='bbox 269 1370 327 1417; x_wconf 88' lang='lat' dir='ltr'>Sum</span> <span class='ocrx_word' id='word_1_73' title='bbox 340 1371 432 1428; x_wconf 79' lang='lat' dir='ltr'>brevis3</span> <span class='ocrx_word' id='word_1_74' title='bbox 444 1385 468 1418; x_wconf 83' lang='lat' dir='ltr'>at</span> <span class='ocrx_word' id='word_1_75' title='bbox 478 1386 567 1418; x_wconf 91' lang='lat' dir='ltr'>nomen</span> <span class='ocrx_word' id='word_1_76' title='bbox 575 1404 582 1428; x_wconf 91' lang='lat'>,</span> <span class='ocrx_word' id='word_1_77' title='bbox 591 1368 658 1435; x_wconf 89' lang='lat' dir='ltr'>quod</span> <span class='ocrx_word' id='word_1_78' title='bbox 667 1385 737 1418; x_wconf 85' lang='lat' dir='ltr'>terras</span> <span class='ocrx_word' id='word_1_79' title='bbox 749 1367 847 1432; x_wconf 80' lang='lat' dir='ltr'>impleat</span> <span class='ocrx_word' id='word_1_80' title='bbox 858 1383 959 1433; x_wconf 39' lang='lat' dir='ltr'>omnes*</span> 
     </span>
     <span class='ocr_line' id='line_1_13' title="bbox 301 1446 832 1513; baseline -0.002 -18"><span class='ocrx_word' id='word_1_81' title='bbox 301 1446 341 1495; x_wconf 82' lang='lat' dir='ltr'>Est</span> <span class='ocrx_word' id='word_1_82' title='bbox 355 1450 432 1495; x_wconf 90' lang='lat' dir='ltr'>mihi:</span> <span class='ocrx_word' id='word_1_83' title='bbox 446 1450 581 1495; x_wconf 84' lang='lat' dir='ltr'>mensuram</span> <span class='ocrx_word' id='word_1_84' title='bbox 595 1452 700 1496; x_wconf 88' lang='lat' dir='ltr'>nominis</span> <span class='ocrx_word' id='word_1_85' title='bbox 710 1450 759 1513; x_wconf 84' lang='lat' dir='ltr'>ipsa</span> <span class='ocrx_word' id='word_1_86' title='bbox 772 1447 832 1496; x_wconf 87' lang='lat' dir='ltr'>fero.</span> 
     </span>
     <span class='ocr_line' id='line_1_14' title="bbox 223 1522 859 1596; baseline -0.002 -22"><span class='ocrx_word' id='word_1_87' title='bbox 223 1548 249 1596; x_wconf 80' lang='lat'>35</span> <span class='ocrx_word' id='word_1_88' title='bbox 269 1522 380 1575; x_wconf 83' lang='lat' dir='ltr'>Candida</span> <span class='ocrx_word' id='word_1_89' title='bbox 388 1529 464 1574; x_wconf 85' lang='lat' dir='ltr'>sinon</span> <span class='ocrx_word' id='word_1_90' title='bbox 475 1527 542 1583; x_wconf 85' lang='lat' dir='ltr'>sum,</span> <span class='ocrx_word' id='word_1_91' title='bbox 556 1525 647 1590; x_wconf 83' lang='lat' dir='ltr'>placuit</span> <span class='ocrx_word' id='word_1_92' title='bbox 657 1525 765 1590; x_wconf 79' lang='lat' dir='ltr'>Cepheia</span> <span class='ocrx_word' id='word_1_93' title='bbox 775 1525 859 1574; x_wconf 87' lang='lat' dir='ltr'>Perseo</span> 
     </span>
     <span class='ocr_line' id='line_1_15' title="bbox 299 1599 801 1668; baseline 0.01 -18"><span class='ocrx_word' id='word_1_94' title='bbox 299 1599 465 1662; x_wconf 77' lang='lat' dir='ltr'>Andromede,</span> <span class='ocrx_word' id='word_1_95' title='bbox 481 1606 562 1668; x_wconf 84' lang='lat' dir='ltr'>patriae</span> <span class='ocrx_word' id='word_1_96' title='bbox 576 1603 641 1653; x_wconf 85' lang='lat' dir='ltr'>fusca</span> <span class='ocrx_word' id='word_1_97' title='bbox 654 1603 735 1652; x_wconf 85' lang='lat' dir='ltr'>colore</span> <span class='ocrx_word' id='word_1_98' title='bbox 746 1606 801 1656; x_wconf 71' lang='lat' dir='ltr'>sun.</span> 
     </span>
     <span class='ocr_line' id='line_1_16' title="bbox 266 1679 787 1748; baseline 0.004 -19"><span class='ocrx_word' id='word_1_99' title='bbox 266 1679 297 1729; x_wconf 81' lang='lat' dir='ltr'>Et</span> <span class='ocrx_word' id='word_1_100' title='bbox 307 1681 442 1731; x_wconf 82' lang='lat' dir='ltr'>variisalbae</span> <span class='ocrx_word' id='word_1_101' title='bbox 449 1685 580 1748; x_wconf 84' lang='lat' dir='ltr'>junguntur</span> <span class='ocrx_word' id='word_1_102' title='bbox 587 1683 647 1748; x_wconf 84' lang='lat' dir='ltr'>saepe</span> <span class='ocrx_word' id='word_1_103' title='bbox 654 1681 772 1732; x_wconf 68' lang='lat' dir='ltr'>columba</span> <span class='ocrx_word' id='word_1_104' title='bbox 781 1700 787 1731; x_wconf 78' lang='lat' dir='ltr'>t</span> 
     </span>
     <span class='ocr_line' id='line_1_17' title="bbox 298 1759 761 1824; baseline 0 -16"><span class='ocrx_word' id='word_1_105' title='bbox 298 1759 329 1808; x_wconf 88' lang='lat' dir='ltr'>Et</span> <span class='ocrx_word' id='word_1_106' title='bbox 336 1763 403 1824; x_wconf 83' lang='lat' dir='ltr'>niger</span> <span class='ocrx_word' id='word_1_107' title='bbox 413 1777 426 1809; x_wconf 89' lang='lat' dir='ltr'>a</span> <span class='ocrx_word' id='word_1_108' title='bbox 436 1759 508 1811; x_wconf 88' lang='lat' dir='ltr'>viridi</span> <span class='ocrx_word' id='word_1_109' title='bbox 520 1775 597 1810; x_wconf 89' lang='lat' dir='ltr'>turtur</span> <span class='ocrx_word' id='word_1_110' title='bbox 608 1775 700 1811; x_wconf 86' lang='lat' dir='ltr'>amatur</span> <span class='ocrx_word' id='word_1_111' title='bbox 710 1779 761 1810; x_wconf 84' lang='lat' dir='ltr'>ave.</span> 
     </span>
     <span class='ocr_line' id='line_1_18' title="bbox 266 1836 835 1905; baseline -0.004 -18"><span class='ocrx_word' id='word_1_112' title='bbox 266 1840 291 1888; x_wconf 79' lang='lat' dir='ltr'>si</span> <span class='ocrx_word' id='word_1_113' title='bbox 302 1872 311 1898; x_wconf 95' lang='lat'>,</span> <span class='ocrx_word' id='word_1_114' title='bbox 326 1841 371 1887; x_wconf 89' lang='lat' dir='ltr'>nisi</span> <span class='ocrx_word' id='word_1_115' title='bbox 387 1855 439 1905; x_wconf 78' lang='lat' dir='ltr'>quar</span> <span class='ocrx_word' id='word_1_116' title='bbox 450 1839 511 1889; x_wconf 83' lang='lat' dir='ltr'>facie</span> <span class='ocrx_word' id='word_1_117' title='bbox 521 1843 611 1905; x_wconf 86' lang='lat' dir='ltr'>poterit</span> <span class='ocrx_word' id='word_1_118' title='bbox 620 1854 643 1888; x_wconf 91' lang='lat' dir='ltr'>te</span> <span class='ocrx_word' id='word_1_119' title='bbox 660 1839 732 1904; x_wconf 81' lang='lat' dir='ltr'>digna</span> <span class='ocrx_word' id='word_1_120' title='bbox 742 1836 835 1897; x_wconf 84' lang='lat' dir='ltr'>videri,</span> 
     </span>
     <span class='ocr_line' id='line_1_19' title="bbox 216 1916 843 1978; baseline -0.005 -12"><span class='ocrx_word' id='word_1_121' title='bbox 216 1926 249 1971; x_wconf 74' lang='lat'>40</span> <span class='ocrx_word' id='word_1_122' title='bbox 298 1916 372 1966; x_wconf 87' lang='lat' dir='ltr'>Nulla</span> <span class='ocrx_word' id='word_1_123' title='bbox 382 1917 462 1968; x_wconf 87' lang='lat' dir='ltr'>fututa</span> <span class='ocrx_word' id='word_1_124' title='bbox 473 1917 553 1968; x_wconf 86' lang='lat' dir='ltr'>tuaest</span> <span class='ocrx_word' id='word_1_125' title='bbox 565 1934 573 1978; x_wconf 80' lang='lat'>3</span> <span class='ocrx_word' id='word_1_126' title='bbox 584 1919 651 1968; x_wconf 87' lang='lat' dir='ltr'>nulia</span> <span class='ocrx_word' id='word_1_127' title='bbox 662 1920 741 1970; x_wconf 87' lang='lat' dir='ltr'>futura</span> <span class='ocrx_word' id='word_1_128' title='bbox 752 1916 843 1966; x_wconf 88' lang='lat' dir='ltr'>tuaest.</span> 
     </span>
     <span class='ocr_line' id='line_1_20' title="bbox 265 1993 875 2062; baseline -0.011 -16"><span class='ocrx_word' id='word_1_129' title='bbox 265 1996 313 2056; x_wconf 79' lang='lat' dir='ltr'>At,</span> <span class='ocrx_word' id='word_1_130' title='bbox 326 2014 365 2045; x_wconf 85' lang='lat' dir='ltr'>me</span> <span class='ocrx_word' id='word_1_131' title='bbox 376 1996 431 2046; x_wconf 76' lang='lat' dir='ltr'>etim</span> <span class='ocrx_word' id='word_1_132' title='bbox 446 1998 551 2062; x_wconf 82' lang='lat' dir='ltr'>legeres,</span> <span class='ocrx_word' id='word_1_133' title='bbox 562 2001 635 2046; x_wconf 87' lang='lat' dir='ltr'>etiam</span> <span class='ocrx_word' id='word_1_134' title='bbox 647 1997 751 2046; x_wconf 87' lang='lat' dir='ltr'>formosa</span> <span class='ocrx_word' id='word_1_135' title='bbox 761 1993 875 2047; x_wconf 79' lang='lat' dir='ltr'>videbare</span> 
     </span>
     <span class='ocr_line' id='line_1_21' title="bbox 295 2074 750 2142; baseline 0.004 -20"><span class='ocrx_word' id='word_1_136' title='bbox 295 2074 376 2122; x_wconf 82' lang='lat' dir='ltr'>Unam</span> <span class='ocrx_word' id='word_1_137' title='bbox 391 2077 483 2140; x_wconf 78' lang='lat' dir='ltr'>jurabas</span> <span class='ocrx_word' id='word_1_138' title='bbox 495 2077 568 2142; x_wconf 88' lang='lat' dir='ltr'>usque</span> <span class='ocrx_word' id='word_1_139' title='bbox 580 2074 663 2126; x_wconf 86' lang='lat' dir='ltr'>decere</span> <span class='ocrx_word' id='word_1_140' title='bbox 673 2077 750 2142; x_wconf 81' lang='lat' dir='ltr'>ioqui.</span> 
     </span>
     <span class='ocr_line' id='line_1_22' title="bbox 264 2151 948 2212; baseline -0.009 -10"><span class='ocrx_word' id='word_1_141' title='bbox 264 2151 417 2212; x_wconf 82' lang='lat' dir='ltr'>Cantabam‘,</span> <span class='ocrx_word' id='word_1_142' title='bbox 432 2157 531 2203; x_wconf 86' lang='lat' dir='ltr'>memini</span> <span class='ocrx_word' id='word_1_143' title='bbox 541 2172 549 2212; x_wconf 80' lang='lat'>3</span> <span class='ocrx_word' id='word_1_144' title='bbox 565 2159 726 2204; x_wconf 83' lang='lat' dir='ltr'>meminerunt</span> <span class='ocrx_word' id='word_1_145' title='bbox 736 2154 818 2202; x_wconf 87' lang='lat' dir='ltr'>omnia</span> <span class='ocrx_word' id='word_1_146' title='bbox 829 2161 948 2200; x_wconf 82' lang='lat' dir='ltr'>amantest</span> 
     </span>
     <span class='ocr_line' id='line_1_23' title="bbox 296 2228 777 2296; baseline 0.004 -21"><span class='ocrx_word' id='word_1_147' title='bbox 296 2228 383 2276; x_wconf 81' lang='lat' dir='ltr'>Oscula</span> <span class='ocrx_word' id='word_1_148' title='bbox 394 2233 499 2278; x_wconf 85' lang='lat' dir='ltr'>cantanti</span> <span class='ocrx_word' id='word_1_149' title='bbox 511 2246 535 2279; x_wconf 92' lang='lat' dir='ltr'>tu</span> <span class='ocrx_word' id='word_1_150' title='bbox 547 2235 607 2281; x_wconf 90' lang='lat' dir='ltr'>mihi</span> <span class='ocrx_word' id='word_1_151' title='bbox 619 2245 687 2296; x_wconf 85' lang='lat' dir='ltr'>rapta</span> <span class='ocrx_word' id='word_1_152' title='bbox 697 2230 777 2281; x_wconf 81' lang='lat' dir='ltr'>dabas.</span> 
     </span>
     <span class='ocr_line' id='line_1_24' title="bbox 213 2304 948 2374; baseline 0.001 -20"><span class='ocrx_word' id='word_1_153' title='bbox 213 2321 243 2364; x_wconf 70' lang='lat'>45</span> <span class='ocrx_word' id='word_1_154' title='bbox 262 2304 319 2354; x_wconf 82' lang='lat' dir='ltr'>Haec</span> <span class='ocrx_word' id='word_1_155' title='bbox 336 2321 432 2371; x_wconf 91' lang='lat' dir='ltr'>quoque</span> <span class='ocrx_word' id='word_1_156' title='bbox 441 2305 552 2356; x_wconf 86' lang='lat' dir='ltr'>laudabas</span> <span class='ocrx_word' id='word_1_157' title='bbox 564 2327 570 2356; x_wconf 72' lang='grc' dir='ltr'><strong><em>ε</em></strong></span> <span class='ocrx_word' id='word_1_158' title='bbox 583 2311 698 2374; x_wconf 86' lang='lat' dir='ltr'>omnique</span> <span class='ocrx_word' id='word_1_159' title='bbox 706 2325 719 2357; x_wconf 88' lang='lat' dir='ltr'>a</span> <span class='ocrx_word' id='word_1_160' title='bbox 728 2322 794 2371; x_wconf 89' lang='lat' dir='ltr'>parte</span> <span class='ocrx_word' id='word_1_161' title='bbox 804 2306 929 2370; x_wconf 77' lang='lat' dir='ltr'>placebam</span> <span class='ocrx_word' id='word_1_162' title='bbox 940 2323 948 2355; x_wconf 84' lang='lat' dir='ltr'>s</span> 
     </span>
     <span class='ocr_line' id='line_1_25' title="bbox 294 2380 839 2450; baseline 0 -20"><span class='ocrx_word' id='word_1_163' title='bbox 294 2380 340 2431; x_wconf 85' lang='lat' dir='ltr'>Sed</span> <span class='ocrx_word' id='word_1_164' title='bbox 351 2398 403 2434; x_wconf 87' lang='lat' dir='ltr'>tum</span> <span class='ocrx_word' id='word_1_165' title='bbox 413 2383 546 2450; x_wconf 69' lang='lat' dir='ltr'>precipue,</span> <span class='ocrx_word' id='word_1_166' title='bbox 558 2384 614 2436; x_wconf 80' lang='lat' dir='ltr'>etim</span> <span class='ocrx_word' id='word_1_167' title='bbox 624 2384 653 2434; x_wconf 85' lang='lat' dir='ltr'>fit</span> <span class='ocrx_word' id='word_1_168' title='bbox 663 2388 757 2434; x_wconf 85' lang='lat' dir='ltr'>Amoris</span> <span class='ocrx_word' id='word_1_169' title='bbox 771 2399 839 2448; x_wconf 87' lang='lat' dir='ltr'>opus.</span> 
     </span>
     <span class='ocr_line' id='line_1_26' title="bbox 262 2458 820 2531; baseline 0.005 -23"><span class='ocrx_word' id='word_1_170' title='bbox 262 2458 330 2508; x_wconf 83' lang='lat' dir='ltr'>Tunc</span> <span class='ocrx_word' id='word_1_171' title='bbox 339 2462 423 2527; x_wconf 83' lang='lat' dir='ltr'>tepius</span> <span class='ocrx_word' id='word_1_172' title='bbox 432 2463 505 2514; x_wconf 87' lang='lat' dir='ltr'>solito</span> <span class='ocrx_word' id='word_1_173' title='bbox 517 2464 612 2514; x_wconf 84' lang='lat' dir='ltr'>iascivia</span> <span class='ocrx_word' id='word_1_174' title='bbox 621 2465 820 2531; x_wconf 84' lang='lat' dir='ltr'>nostrajuvabat‚</span> 
     </span>
     <span class='ocr_line' id='line_1_27' title="bbox 293 2531 853 2609; baseline -0.002 -22"><span class='ocrx_word' id='word_1_175' title='bbox 293 2537 432 2608; x_wconf 86' lang='lat' dir='ltr'>Crebraque</span> <span class='ocrx_word' id='word_1_176' title='bbox 443 2531 578 2601; x_wconf 75' lang='lat' dir='ltr'>mobilitas,</span> <span class='ocrx_word' id='word_1_177' title='bbox 593 2557 693 2609; x_wconf 77' lang='lat' dir='ltr'>aptaque</span> <span class='ocrx_word' id='word_1_178' title='bbox 704 2543 776 2592; x_wconf 87' lang='lat' dir='ltr'>verba</span> <span class='ocrx_word' id='word_1_179' title='bbox 783 2544 853 2606; x_wconf 84' lang='lat' dir='ltr'><strong>joco:</strong></span> 
     </span>
     <span class='ocr_line' id='line_1_28' title="bbox 260 2614 976 2686; baseline 0.007 -21"><span class='ocrx_word' id='word_1_180' title='bbox 260 2614 356 2682; x_wconf 86' lang='lat' dir='ltr'>Quique</span> <span class='ocrx_word' id='word_1_181' title='bbox 365 2653 373 2679; x_wconf 92' lang='lat'>,</span> <span class='ocrx_word' id='word_1_182' title='bbox 384 2621 428 2668; x_wconf 87' lang='lat' dir='ltr'>ubi</span> <span class='ocrx_word' id='word_1_183' title='bbox 436 2621 485 2684; x_wconf 88' lang='lat' dir='ltr'>jam</span> <span class='ocrx_word' id='word_1_184' title='bbox 493 2623 620 2670; x_wconf 86' lang='lat' dir='ltr'>amborum</span> <span class='ocrx_word' id='word_1_185' title='bbox 631 2622 708 2671; x_wconf 87' lang='lat' dir='ltr'>fuerat</span> <span class='ocrx_word' id='word_1_186' title='bbox 715 2621 839 2670; x_wconf 89' lang='lat' dir='ltr'>consumta</span> <span class='ocrx_word' id='word_1_187' title='bbox 848 2618 959 2686; x_wconf 80' lang='lat' dir='ltr'>voluptas</span> <span class='ocrx_word' id='word_1_188' title='bbox 965 2651 976 2681; x_wconf 82' lang='lat'>,</span> 
     </span>
     <span class='ocr_line' id='line_1_29' title="bbox 215 2693 796 2765; baseline 0.003 -21"><span class='ocrx_word' id='word_1_189' title='bbox 215 2711 244 2758; x_wconf 82' lang='lat'>50</span> <span class='ocrx_word' id='word_1_190' title='bbox 292 2694 411 2747; x_wconf 85' lang='lat' dir='ltr'>Plurimus</span> <span class='ocrx_word' id='word_1_191' title='bbox 421 2701 447 2746; x_wconf 89' lang='lat' dir='ltr'>in</span> <span class='ocrx_word' id='word_1_192' title='bbox 459 2693 518 2749; x_wconf 78' lang='lat' dir='ltr'>lass&#39;o</span> <span class='ocrx_word' id='word_1_193' title='bbox 530 2715 630 2764; x_wconf 78' lang='lat' dir='ltr'>corpore</span> <span class='ocrx_word' id='word_1_194' title='bbox 641 2699 725 2765; x_wconf 81' lang='lat' dir='ltr'>langor</span> <span class='ocrx_word' id='word_1_195' title='bbox 738 2712 796 2747; x_wconf 87' lang='lat' dir='ltr'>erat.</span> 
     </span>
     <span class='ocr_line' id='line_1_30' title="bbox 261 2769 917 2843; baseline 0.009 -26"><span class='ocrx_word' id='word_1_196' title='bbox 261 2769 331 2821; x_wconf 87' lang='lat' dir='ltr'>Nunc</span> <span class='ocrx_word' id='word_1_197' title='bbox 344 2775 387 2823; x_wconf 85' lang='lat' dir='ltr'>tibi</span> <span class='ocrx_word' id='word_1_198' title='bbox 398 2775 510 2826; x_wconf 83' lang='lat' dir='ltr'>Sicelides</span> <span class='ocrx_word' id='word_1_199' title='bbox 517 2780 633 2833; x_wconf 86' lang='lat' dir='ltr'>veniunt,</span> <span class='ocrx_word' id='word_1_200' title='bbox 645 2794 708 2827; x_wconf 80' lang='lat' dir='ltr'>nova</span> <span class='ocrx_word' id='word_1_201' title='bbox 718 2775 813 2843; x_wconf 83' lang='lat' dir='ltr'>praeda,</span> <span class='ocrx_word' id='word_1_202' title='bbox 824 2774 917 2842; x_wconf 70' lang='lat' dir='ltr'>puelle.</span> 
     </span>
     <span class='ocr_line' id='line_1_31' title="bbox 292 2848 809 2908; baseline 0.014 -10"><span class='ocrx_word' id='word_1_203' title='bbox 292 2848 358 2908; x_wconf 87' lang='lat' dir='ltr'>Quid</span> <span class='ocrx_word' id='word_1_204' title='bbox 367 2855 426 2901; x_wconf 88' lang='lat' dir='ltr'>mihi</span> <span class='ocrx_word' id='word_1_205' title='bbox 434 2870 490 2902; x_wconf 85' lang='lat' dir='ltr'>curn</span> <span class='ocrx_word' id='word_1_206' title='bbox 496 2855 587 2904; x_wconf 80' lang='lat' dir='ltr'>Lesbo?</span> <span class='ocrx_word' id='word_1_207' title='bbox 598 2855 679 2904; x_wconf 87' lang='lat' dir='ltr'>Sicelis</span> <span class='ocrx_word' id='word_1_208' title='bbox 689 2853 734 2904; x_wconf 85' lang='lat' dir='ltr'>effe</span> <span class='ocrx_word' id='word_1_209' title='bbox 742 2855 809 2905; x_wconf 88' lang='lat' dir='ltr'><strong>volo.</strong></span> 
     </span>
     <span class='ocr_line' id='line_1_32' title="bbox 259 2923 817 2996; baseline 0.018 -24"><span class='ocrx_word' id='word_1_210' title='bbox 259 2923 292 2973; x_wconf 78' lang='lat' dir='ltr'>At</span> <span class='ocrx_word' id='word_1_211' title='bbox 301 2936 343 2972; x_wconf 67' lang='grc' dir='ltr'>νος</span> <span class='ocrx_word' id='word_1_212' title='bbox 355 2943 463 2978; x_wconf 85' lang='lat' dir='ltr'>erronem</span> <span class='ocrx_word' id='word_1_213' title='bbox 475 2930 558 2979; x_wconf 90' lang='lat' dir='ltr'>tellure</span> <span class='ocrx_word' id='word_1_214' title='bbox 567 2934 817 2996; x_wconf 21' lang='lat' dir='ltr'>remittite-nostrum,</span> 
     </span>
     <span class='ocr_line' id='line_1_33' title="bbox 292 3001 766 3075; baseline 0.025 -26"><span class='ocrx_word' id='word_1_215' title='bbox 292 3001 401 3052; x_wconf 84' lang='lat' dir='ltr'>Nisiades</span> <span class='ocrx_word' id='word_1_216' title='bbox 411 3021 513 3061; x_wconf 85' lang='lat' dir='ltr'>matres,</span> <span class='ocrx_word' id='word_1_217' title='bbox 521 3007 675 3075; x_wconf 81' lang='lat' dir='ltr'>Nisiadesque</span> <span class='ocrx_word' id='word_1_218' title='bbox 685 3028 766 3062; x_wconf 86' lang='lat' dir='ltr'>nurus.</span> 
     </span>
    </p>
   </div>
   <div class='ocr_carea' id='block_1_3' title="bbox 214 3078 842 3226">
    <p class='ocr_par' dir='ltr' id='par_1_3' title="bbox 214 3078 842 3226">
     <span class='ocr_line' id='line_1_34' title="bbox 214 3078 842 3158; baseline 0.021 -29"><span class='ocrx_word' id='word_1_219' title='bbox 214 3089 240 3138; x_wconf 81' lang='lat'>55</span> <span class='ocrx_word' id='word_1_220' title='bbox 260 3078 315 3130; x_wconf 81' lang='lat' dir='ltr'>Neu</span> <span class='ocrx_word' id='word_1_221' title='bbox 325 3097 367 3129; x_wconf 84' lang='lat' dir='ltr'>vos</span> <span class='ocrx_word' id='word_1_222' title='bbox 377 3080 496 3155; x_wconf 81' lang='lat' dir='ltr'>decipiant</span> <span class='ocrx_word' id='word_1_223' title='bbox 505 3083 598 3137; x_wconf 76' lang='lat' dir='ltr'>blandae</span> <span class='ocrx_word' id='word_1_224' title='bbox 609 3087 733 3139; x_wconf 81' lang='lat' dir='ltr'>mendacia</span> <span class='ocrx_word' id='word_1_225' title='bbox 741 3091 842 3158; x_wconf 69' lang='lat' dir='ltr'>linguata</span> 
     </span>
     <span class='ocr_line' id='line_1_35' title="bbox 295 3157 761 3226; baseline 0.026 -19"><span class='ocrx_word' id='word_1_226' title='bbox 295 3157 353 3219; x_wconf 83' lang='lat' dir='ltr'>Quae</span> <span class='ocrx_word' id='word_1_227' title='bbox 366 3157 425 3210; x_wconf 86' lang='lat' dir='ltr'>dicit</span> <span class='ocrx_word' id='word_1_228' title='bbox 433 3163 500 3214; x_wconf 83' lang='lat' dir='ltr'>vobis</span> <span class='ocrx_word' id='word_1_229' title='bbox 506 3197 514 3226; x_wconf 88' lang='lat'>‚</span> <span class='ocrx_word' id='word_1_230' title='bbox 525 3161 617 3216; x_wconf 83' lang='lat' dir='ltr'>dixerat</span> <span class='ocrx_word' id='word_1_231' title='bbox 628 3181 682 3217; x_wconf 88' lang='lat' dir='ltr'>ante</span> <span class='ocrx_word' id='word_1_232' title='bbox 692 3171 761 3219; x_wconf 88' lang='lat' dir='ltr'>mihi.</span> 
     </span>
    </p>
   </div>
   <div class='ocr_carea' id='block_1_4' title="bbox 0 0 1188 3992">
    <p class='ocr_par' dir='ltr' id='par_1_4' title="bbox 0 0 1188 3992">
     <span class='ocr_line' id='line_1_36' title="bbox 0 0 1188 3992; baseline 0 0"><span class='ocrx_word' id='word_1_233' title='bbox 0 0 1188 3992; x_wconf 95' lang='lat' dir='ltr'> </span> 
     </span>
    </p>
   </div>
  </div>
 </body>
</html>
