2367 3992
264 539 306 582 ro
363 517 406 586 Ρ.
429 519 614 586 Ortorr
638 521 871 589 NAsonrs

212 645 221 694 5
259 638 283 686 Si
301 639 360 686 mihi
372 655 446 702 pauca
456 643 524 704 queri
536 638 565 689 de
579 655 620 699 te,
635 640 783 709 dominoque
792 649 910 710 viroque,

291 716 334 764 Fas
348 716 397 774 ell3
409 715 438 765 de
449 715 550 766 domino
565 735 640 782 pauca
649 724 749 786 viroque
761 740 852 787 querar.

258 793 317 844 Non
329 829 337 854 ,
354 811 399 859 ego
414 797 520 858 poscenti
533 795 600 861 quod
612 800 664 846 sum
674 799 723 848 cito
739 798 826 851 tradita
838 802 912 864 Regi,

292 872 371 937 Culpa
386 888 426 921 tua
443 874 475 923 est
487 894 492 922 ε
505 878 613 938 quamvis
625 879 670 924 hoc
683 894 778 942 quoque
788 878 856 941 culpa
866 893 906 925 tun
918 877 961 927 est.

195 978 205 997 .
259 950 324 1001 Nam
338 953 409 1000 simul
421 953 550 1015 Eurybates
564 971 603 1001 me
614 955 802 1021 Talthybiusque
812 970 945 1010 vocarunt,

213 1045 242 1076 ιο
292 1031 406 1093 Eurybati
417 1029 472 1080 data
483 1034 535 1080 sum
547 1033 725 1099 Talthybioque
740 1051 829 1083 comes.

260 1109 327 1159 Alter
338 1113 363 1158 in
374 1111 468 1159 alterius
478 1114 590 1176 jaciantes
600 1112 692 1161 lumina
701 1114 813 1172 vultum,

294 1190 438 1249 Quaerebant
448 1193 531 1249 taciti,
548 1191 626 1239 noster
637 1194 677 1239 ubi
688 1189 745 1240 elset
756 1208 833 1240 arnor.

232 1333 233 1336 Ἴ
260 1267 360 1317 Differri
372 1273 440 1333 potui
453 1288 458 1316 r
474 1285 552 1334 poenae
562 1287 630 1318 mora
640 1285 706 1334 grata
718 1269 806 1319 fuiffet.

294 1349 340 1397 Hei
357 1349 434 1397 mihil
448 1346 569 1397 discedens
586 1349 666 1397 oscula
683 1349 749 1397 nulla
764 1345 829 1396 dedi.

215 1451 241 1497 ¹5
261 1426 292 1476 At
304 1425 419 1489 lacrymas
434 1430 482 1475 sine
495 1426 540 1474 fine
551 1425 621 1485 dedi,
634 1431 733 1493 rupique
744 1427 853 1492 capillos.

294 1505 380 1554 Infelix
390 1509 477 1554 iterum
488 1508 540 1554 sum
551 1509 611 1554 mihi
621 1509 669 1554 visa
680 1510 741 1571 capi.

261 1585 326 1647 Saepe
337 1598 382 1646 ego
393 1569 494 1647 decepto
504 1584 570 1632 volui
582 1582 678 1633 custode
690 1587 790 1641 reverti3

294 1659 353 1720 Sed,
369 1679 408 1710 me
423 1665 465 1727 qui
482 1661 592 1711 timidam
606 1661 748 1728 prenderet,
761 1662 832 1710 bollis
847 1673 905 1710 erat.

261 1740 285 1788 Si
296 1738 414 1807 progressa
427 1741 518 1795 forem,
531 1758 625 1806 caperer
635 1758 664 1789 nc
676 1741 755 1799 forte,
768 1741 901 1798 timebam,

158 1835 161 1841 ·
214 1821 248 1853 ²0·
295 1820 434 1879 Quamlibet
452 1819 482 1869 ad
494 1822 580 1868 Priami
594 1837 680 1868 munus
694 1823 755 1878 itura
767 1836 863 1867 nurum.

262 1896 308 1947 Sed
322 1895 376 1947 data
387 1915 439 1946 sum
450 1934 458 1958 ‚
471 1902 528 1963 quia
537 1896 616 1946 danda
627 1898 661 1946 fui
674 1917 679 1946 ε
690 1913 727 1946 tot
742 1899 848 1946 noblibus
861 1898 964 1958 absum,

294 1976 346 2025 Nec
357 1993 451 2040 repetor
463 1995 468 2024 :
482 1973 570 2035 celsas,
583 1980 663 2041 iraque
673 1977 737 2024 lenta
749 1990 788 2024 tua
802 1976 843 2023 cst.

239 2061 242 2067 '
261 2055 313 2120 Ipse
324 2055 496 2114 Menoetiades,
509 2071 565 2104 tunc
577 2054 632 2103 crim
643 2053 765 2108 tradebat,
776 2057 906 2113 inaurem,

296 2132 361 2192 Quid
371 2133 430 2182 iles?
446 2133 486 2182 hlc
499 2151 572 2198 parvo
589 2149 710 2198 tempore,
729 2133 802 2192 dixit,
816 2137 870 2182 etis.

215 2214 242 2262 ²5
262 2209 319 2261 Non
331 2208 439 2275 repetiffe
451 2212 588 2275 parumest:
597 2229 685 2277 pugnas
697 2229 726 2260 ne
738 2210 841 2272 reddar,
858 2212 964 2263 Achille.

295 2289 393 2350 lnune,
416 2294 440 2339 δι
451 2289 532 2354 cupidi
542 2307 632 2338 nomen
643 2295 742 2340 amantis
755 2293 824 2341 habe.
923 2317 925 2321 ·

261 2365 386 2417 Venerunt
402 2367 432 2418 ad
445 2384 468 2417 te
481 2369 613 2418 Telamone
628 2373 653 2417 ὃ(
671 2370 804 2432 Amyntore
816 2374 880 2429 nati,

297 2445 307 2512 (
318 2446 361 2494 llle
378 2445 452 2512 gradu
465 2451 563 2514 propior
575 2449 711 2512 sanguinis,
727 2448 769 2497 ille
779 2466 858 2497 comes
870 2468 876 2497 τ
888 2448 899 2515 )

262 2524 394 2592 ῑαὲηέηιιο
404 2528 482 2586 satus,
499 2543 540 2591 pet
550 2543 610 2591 quos
622 2529 736 2575 comitata
748 2524 857 2575 redirem.

215 2610 245 2657 30
294 2606 416 2653 Auxerunt
427 2603 519 2653 blande
530 2602 629 2668 grandia
637 2602 700 2652 dona
708 2620 786 2668 preces
798 2621 805 2652 a

262 2683 355 2748 Viginti
367 2682 445 2732 fulvos
457 2684 557 2747 operoso
570 2699 598 2730 ex
606 2698 651 2729 aere
662 2681 765 2742 lebetas,
832 2693 846 2739 f

294 2760 325 2809 Et
337 2759 441 2825 tripodas
459 2762 564 2824 septem,
580 2758 721 2825 pondere&
735 2776 784 2810 arte
794 2776 870 2825 pates.

157 2846 161 2851 ”
261 2837 350 2889 Addita
360 2842 413 2889 sunt
425 2840 473 2888 illis
485 2843 535 2889 auri
546 2841 581 2888 bis
592 2844 697 2906 quinque
709 2839 814 2900 talenta,

293 2916 332 2966 Bis
343 2921 381 2966 sex
392 2953 400 2977 ,
410 2916 492 2967 affueri
504 2922 598 2968 vincere
609 2920 715 2983 semper,
732 2922 802 2985 equi:

215 3017 243 3066 35
262 2994 382 3061 Quodque
393 2999 579 3060 supervacuum,
591 2996 672 3045 formi
685 2997 807 3062 praestante
818 2997 904 3063 puellae

295 3071 423 3134 Lesbides,
435 3074 515 3124 eversi
526 3091 626 3141 corpora
638 3091 706 3140 capta
716 3074 791 3125 domo
802 3095 808 3125 :

262 3151 374 3221 Cumque
384 3168 421 3205 tot
428 3156 474 3218 his,
482 3151 535 3222 (sed
544 3170 595 3206 non
604 3171 664 3221 opus
671 3154 704 3205 est
714 3156 758 3205 tibi
769 3155 881 3223 conjuge)
892 3160 981 3224 conjux
