2367 3992
320 452 583 520 Hunorum.
616 449 692 517 Er.
719 451 836 519 VIII.
898 475 942 537 37

220 569 283 626 Vir,
302 587 403 636 precor,
416 574 498 631 uxori,
514 571 586 620 frater
600 571 707 619 succurre
722 571 813 621 sorori:

253 649 348 698 Instant
358 646 442 698 officio
454 651 554 698 nomina
566 650 622 697 bina
636 663 689 698 tuo.
962 645 995 691 ³⁰
1014 650 1016 653 ’

218 724 263 774 Me
280 727 326 778 tibi
336 725 492 788 Tyndareos,
508 725 559 777 viti
570 728 739 790 gravirauiior
754 730 780 776 δι
791 729 858 776 annis
867 761 877 788 ‚
964 756 970 768 ι

253 801 369 853 Tradidit
378 824 384 853 e
395 806 520 853 arbitrium
535 807 612 868 neptis
622 803 725 853 habebat
735 821 802 854 avus.

219 883 253 931 At
262 896 331 946 pater
342 880 449 931 AEacidae
458 882 611 946 promiserit,
624 882 711 930 inscius
723 884 777 930 aeti.

251 960 309 1008 Plus
326 977 393 1026 quo,
406 962 448 1025 qui
459 961 524 1023 prior
532 959 565 1007 est
574 956 675 1019 ordine,
687 957 764 1029 puiset
775 976 843 1010 avus.

218 1037 286 1089 cnm
298 1040 343 1087 eibi
357 1037 496 1096 nubebam,
510 1036 571 1085 nulli
586 1053 639 1086 mea
651 1034 713 1087 taeda
726 1037 843 1086 nocebat:
961 1050 990 1096 35

251 1118 276 1164 si
288 1121 374 1182 jungar
387 1116 495 1177 Pyrrho,
507 1128 533 1163 tu
542 1116 604 1163 mihi
611 1114 679 1164 laesus
688 1115 741 1163 eris.

217 1192 248 1242 Et
259 1208 327 1258 pater
338 1193 448 1257 ignoscet
455 1191 536 1241 nostro
547 1192 673 1241 Menelaus
683 1195 774 1242 amori:

249 1272 383 1320 Succubuit
396 1269 449 1320 telis
458 1273 565 1334 praepetis
576 1271 626 1334 ipse
637 1269 693 1320 Dei.
807 1263 810 1267 ⁴

217 1347 298 1408 Quem
313 1350 358 1400 sibi
372 1350 481 1413 permisit
488 1382 497 1407 ,
513 1363 600 1411 genero
611 1350 734 1412 permittet
744 1363 872 1397 amorem:

248 1424 361 1476 Proderit
371 1425 481 1490 exemplo
492 1440 569 1474 mater
579 1441 658 1475 amata
670 1427 721 1475 suo.
951 1443 987 1486 ⁴0

215 1502 253 1553 To
269 1505 351 1564 mihi,
364 1501 432 1568 quod
444 1506 515 1552 matti
525 1518 609 1569 pater,
620 1521 660 1553 es:
672 1521 729 1570 quas
738 1517 818 1570 egerat
826 1501 888 1554 olim

246 1580 384 1631 Dardanius
397 1596 474 1646 partes
486 1580 595 1643 advena,
606 1583 710 1644 Pyrrhus
719 1585 780 1647 agit.

214 1658 258 1711 lile
271 1658 330 1708 licet
339 1661 421 1724 patriis
432 1663 482 1709 sine
492 1657 541 1707 fine
550 1661 669 1724 superbiat
678 1663 748 1721 adiis3

249 1737 338 1796 Etru,
356 1754 409 1803 quae
422 1737 525 1792 referas,
542 1739 593 1786 asta
606 1742 708 1803 parentis
724 1739 804 1788 habes.

214 1814 356 1866 Tantalides
366 1833 449 1865 omnes
461 1818 586 1883 Ipsumque
601 1818 696 1880 regebat
707 1817 833 1867 Achillen:
949 1828 981 1872 45

236 1893 294 1942 Hit
306 1910 359 1958 pars
372 1895 480 1953 militiae3
491 1893 539 1944 dux
553 1911 603 1946 erat
613 1895 655 1945 iile
665 1893 764 1945 ducum.

211 1971 252 2020 Tu
260 1972 789 2038 quoq5habesproavumPelopem,Pelopisq5
795 1987 930 2037 parentem:

245 2053 271 2099 Si
285 2052 373 2102 melius
390 2069 512 2112 numeres,
526 2052 607 2103 aJove
619 2055 715 2117 quintus
726 2055 788 2101 etis.v

209 2127 266 2178 Nec
277 2133 367 2178 virtute
378 2147 441 2180 cares
453 2149 459 2178 ε
472 2146 537 2179 arma
548 2127 667 2179 invidiosa
680 2128 763 2182 tulisti.

244 2206 291 2256 Sed
301 2222 326 2256 tu
339 2207 397 2274 quid
407 2208 511 2258 faceres?
521 2205 599 2257 induit
606 2207 650 2256 ilia
659 2222 736 2272 pater.

207 2285 317 2340 Materiei
325 2285 413 2336 veliem
425 2286 494 2336 fortis
509 2285 609 2336 meliore
622 2282 716 2334 fuiffes:

243 2363 303 2414 Non
319 2364 377 2415 lena
392 2365 439 2425 est,
449 2357 522 2430 ‘operi
532 2362 573 2414 fed
584 2362 640 2414 daea
656 2365 724 2413 causa
734 2378 786 2414 tuo.

207 2441 280 2492 Hanc
291 2457 371 2499 tamen
384 2443 487 2508 implesti
497 2461 504 2501 3
515 2442 650 2509 iuguloque
657 2441 783 2507 AEgysthus
791 2455 876 2505 aperto

245 2522 319 2571 Tene
327 2526 459 2572 cruentavit
470 2557 479 2581 ,
494 2537 546 2587 quae
561 2537 627 2587 pater
637 2535 691 2570 ante
702 2535 764 2571 tuus.

205 2598 319 2663 Increpat
333 2598 459 2658 AEacides‚
475 2597 618 2664 laudemque
634 2601 659 2648 in
672 2599 872 2650 criminaretur:
947 2610 976 2656 te

241 2676 273 2724 Et
287 2692 367 2726 tamen
377 2673 479 2742 aspestus
491 2677 588 2726 sustinet
598 2677 639 2726 ille
649 2693 725 2726 mem.

206 2754 336 2817 Rumpor,
349 2758 373 2802 δι
385 2772 427 2804 ora
437 2757 496 2803 mihi
504 2758 592 2819 pariter
602 2771 658 2802 cum
666 2768 747 2803 mente
758 2754 892 2802 tumescunt
903 2771 912 2802 e

241 2831 386 2898 Pectoraque
400 2833 496 2882 inclutis
506 2832 601 2897 ignibus
611 2832 659 2880 usta
671 2829 763 2880 dolent.

205 2907 341 2957 Hermione
352 2926 432 2960 tornn
441 2911 710 2976 quicquamneobjetiet
721 2909 807 2958 Orestae
819 2913 829 2959 i

239 2985 293 3034 Nec
305 2987 366 3035 mihi
376 2989 429 3036 sunt
444 2992 521 3044 vires,
537 3005 581 3038 nec
597 2988 659 3036 ferus
670 2992 730 3038 ensis
743 2986 818 3038 adest.
943 3009 977 3046 60

203 3061 274 3115 flere
289 3062 348 3115 licet
358 3063 420 3113 certi
430 3083 436 3112 e
451 3064 533 3114 flendo
540 3064 698 3116 diffundimus
708 3071 768 3117 iram
778 3087 785 3116 ι

240 3141 331 3208 Perque
343 3145 422 3194 sinum
434 3143 559 3208 lacrymae,
571 3144 676 3197 fluminis
687 3147 776 3208 instar,
792 3160 859 3201 eunt»
