2367 3992
295 494 337 575 98
401 487 446 556 P.
475 486 658 554 Ovrnrr
685 489 914 555 NAsonrs

292 611 324 660 Er
334 609 413 658 subito
424 608 488 658 lassis
498 611 558 658 vires
569 606 659 658 rediere
672 607 762 656 lacertis
773 627 778 654 ι

325 689 443 754 Visaque,
455 685 531 752 quim
541 686 636 746 fuerat,
651 686 751 735 mollior
767 684 832 735 unda
842 687 912 734 mihi.

292 768 391 832 Frigora
401 782 431 814 ne
441 767 530 828 possim
538 762 613 829 gelidi
620 766 706 814 sentire
714 761 829 829 profundi
839 797 848 822 ,

242 860 274 905 po
325 846 372 906 Qui
388 844 450 894 calet
463 847 488 892 in
502 842 591 907 cupido
603 845 713 908 pectore,
726 843 818 907 praellat
828 858 906 890 amor.

291 924 347 985 Quo
363 925 439 987 magis
451 919 554 981 accedo,
568 923 727 986 propioraque
738 920 808 969 litora
819 918 898 978 fiunt,

324 1000 427 1066 Quoque
439 1003 518 1049 minus
528 999 615 1057 restat,
627 998 680 1063 plus
693 997 752 1047 libet
764 1001 799 1046 ire
810 999 879 1046 mihi.

290 1079 356 1130 Crlm
369 1096 426 1131 vero
436 1075 532 1144 polium
546 1081 611 1127 cerni
622 1094 733 1142 quoque,
745 1079 854 1142 protinus
864 1072 933 1124 addis

322 1159 449 1223 Speiiarrix
460 1159 552 1205 animos
564 1174 572 1215 3
586 1172 613 1205 ut
625 1155 783 1221 valeamque,
802 1155 870 1203 facis.

240 1247 269 1294 95
289 1235 360 1285 Nunc
372 1238 445 1285 etiam
457 1233 537 1285 nando
548 1234 654 1285 dominae
663 1230 775 1300 placuisse
787 1233 887 1292 laboro,

321 1317 399 1378 Atque
416 1314 493 1363 oculis
505 1317 566 1378 jado
579 1314 675 1362 brachia
687 1313 766 1361 nostra
776 1315 831 1360 tuis.

289 1392 325 1441 Te
337 1406 377 1441 tua
386 1396 426 1443 vix
439 1393 551 1457 prohibet
560 1395 640 1441 nutrix
649 1388 790 1440 descendere
799 1393 825 1438 in
834 1389 912 1438 altum
920 1408 927 1438 e

321 1471 375 1520 Hoc
385 1487 482 1537 quoque
493 1473 557 1518 enim
568 1467 636 1527 vidi3
651 1485 695 1518 nec
711 1470 771 1517 mihi
782 1469 854 1518 verba
869 1466 952 1518 dabas.

289 1549 340 1598 Nec
354 1565 434 1598 tamen
445 1547 525 1598 effecit
538 1582 545 1606 ‚
555 1550 664 1614 quamvis
675 1547 792 1596 retinebat
802 1560 898 1595 euntem
909 1579 918 1606 ‚

242 1631 288 1664 ¹00
321 1625 359 1675 Ne
370 1625 438 1675 lieret
447 1625 526 1690 primi
536 1642 576 1689 pes
586 1640 640 1674 tuus
652 1623 712 1673 udus
723 1624 794 1690 aqui.

287 1703 382 1767 Excipis
392 1703 517 1768 amplexu,
530 1703 657 1769 feliciaque
666 1703 748 1752 oscula
758 1705 849 1768 jungis:

320 1782 424 1843 Oscula,
437 1780 471 1831 Di
484 1782 578 1846 magni!
592 1797 655 1831 trans
663 1800 728 1832 mare
736 1780 808 1846 digna
818 1784 877 1847 peti.

287 1859 354 1925 Eque
370 1863 415 1909 tuis
433 1857 528 1909 demtos
542 1863 647 1909 humeris
661 1863 721 1909 mihi
732 1859 805 1910 tradis
816 1864 930 1910 amiciusr

321 1937 352 1988 Et
370 1936 493 1988 madidam
505 1942 577 1988 siccas
587 1943 689 2005 aequoris
704 1941 780 1988 imbre
792 1956 896 1988 comam.

243 2014 376 2069 ¹05Cerera
384 2033 432 2065 nox
444 2020 468 2065 ὅ(
479 2034 539 2077 nos,
553 2021 577 2066 δι
590 2021 659 2066 turris
672 2019 766 2067 conscia
776 2020 862 2077 novit,

320 2092 440 2160 Quodque
450 2098 511 2144 mihi
522 2094 604 2144 lumen
614 2112 656 2160 per
665 2094 727 2146 vada
741 2095 857 2144 monstrat
866 2098 921 2147 iter.

287 2171 340 2222 Nec
350 2177 424 2238 magis
432 2174 496 2222 illius
507 2177 626 2222 numerari
636 2172 725 2238 gaudia
731 2177 823 2228 noiiis,

321 2249 507 2310 Hellespontiaci
518 2250 593 2316 quim
603 2253 674 2299 maris
684 2251 738 2314 alga
747 2252 833 2314 potest.

288 2326 344 2387 Quo
354 2328 447 2377 brevius
457 2331 560 2392 spacium
571 2329 640 2377 nobis
651 2327 682 2378 ad
693 2329 756 2376 surta
766 2326 884 2389 dabatur,

242 2411 288 2444 ¹¹0
321 2405 374 2454 Hoc
385 2409 461 2471 magis
473 2407 505 2454 est
519 2421 633 2465 cautum,
645 2422 675 2454 ne
688 2406 751 2455 foret
762 2403 825 2454 illud
834 2408 907 2456 iners.

287 2484 401 2550 lamque,
416 2484 527 2550 fugaturi
538 2486 640 2534 Tithoni
649 2488 751 2549 conjuge
765 2485 875 2545 nosiem,

320 2562 422 2614 Praevius
436 2563 532 2613 Aurora
547 2563 642 2613 Lucifer
654 2578 720 2612 ortus
731 2578 790 2612 erat,

288 2640 377 2690 Oscula
390 2644 540 2708 congerimus
553 2656 696 2707 properata,
712 2645 762 2690 sine
772 2640 872 2703 ordine,
886 2646 992 2710 raptim,

320 2718 352 2769 Et
361 2722 482 2785 querimur
488 2737 570 2786 parvas
581 2721 690 2770 nostibus
699 2717 746 2770 effe
756 2737 843 2771 moras.

243 2796 367 2863 115Arque
377 2802 411 2848 ira
420 2802 556 2859 cundatus,
567 2802 662 2848 monitu
671 2802 770 2851 nutricis
776 2816 874 2862 amaro,

322 2875 418 2940 Frigida
429 2876 521 2926 deserti
531 2877 604 2927 litora
614 2893 676 2925 turre
686 2892 752 2940 peto.

289 2951 444 3018 Digredimur
458 2953 555 3013 flentes;
567 2969 697 3020 repetoque
708 2971 752 3020 ego
765 2956 870 3023 Virginis
881 2975 980 3024 aequor,

322 3033 457 3098 Respiciens
473 3031 613 3092 dominam,
625 3031 684 3082 dum
692 3033 762 3095 licet,
777 3038 849 3100 usque
858 3053 948 3085 menni.

290 3114 313 3162 Si
329 3128 377 3178 qua
386 3109 446 3162 fides
455 3129 514 3163 vero
525 3111 572 3170 est,
586 3114 682 3161 veniens
696 3113 742 3162 huc
756 3111 802 3163 effe
811 3125 923 3173 natator5

243 3211 288 3244 reo
322 3190 388 3242 Crlm
401 3189 473 3244 redeo
480 3227 490 3255 ,
501 3188 585 3245 videor
594 3189 721 3256 naufragus
733 3189 779 3243 else
788 3187 858 3242 mihi.
