2367 3992
377 351 761 419 Consorfflo.
868 369 933 434 3¹9

247 471 333 522 Omnis
351 476 390 522 cui
401 475 475 523 virtus
487 472 604 535 contigit,
617 485 678 518 unus
689 483 748 516 eras.
951 463 983 510 80

213 550 265 601 Nec
278 543 397 616 'genitrice
408 550 450 600 tui
461 547 588 599 fecundior
600 547 650 595 ulla
660 559 802 612 parentum,

243 629 294 678 Tot
312 631 375 678 bona
386 646 427 693 per
439 643 520 694 partus
532 642 584 692 quae
594 623 662 675 dedit
673 640 721 673 una
731 621 800 673 duos.

210 704 281 756 Heu!
293 725 335 773 par
345 706 407 758 illud
418 710 459 757 ubi
471 708 520 766 est,
533 703 637 755 totidem
653 703 781 752 virtutibus
792 702 905 767 equum?

241 784 273 833 Et
284 801 384 835 concors
395 789 486 851 pietas,
498 801 543 834 nec
558 782 679 833 dubitatus
691 782 775 829 amori

207 859 335 918 Vidimus,
347 867 478 929 attonitum
492 860 597 912 fraterni
607 875 705 919 morte,
716 857 840 908 Neronem
893 884 896 896 ·
947 865 976 928 85

238 940 352 1007 squalida
367 941 483 1007 promissi
493 940 550 990 flere
562 956 604 1004 per
617 954 660 988 ora
670 936 757 992 comi.

204 1015 402 1085 Dissimilemque
413 1021 447 1066 sui
457 1052 464 1077 ‚
476 1017 547 1068 vultu
561 1014 690 1080 profitente
702 1013 822 1063 dolorem.

235 1097 282 1145 Hei
298 1097 372 1146 mihil
386 1095 461 1162 qudm
478 1110 532 1144 toto
548 1093 667 1148 lutiusio
678 1109 719 1141 ore
731 1091 794 1140 fuiti

202 1172 242 1222 Tu
253 1188 334 1222 tamen
348 1189 454 1223 extremo
466 1176 612 1222 moriturum
624 1186 731 1234 tempore
742 1168 841 1219 fratrem

160 1313 164 1317 “
234 1250 470 1314 Vidistislact'ymas
480 1248 545 1300 vidit
560 1253 585 1300 δι
604 1249 646 1298 ille
658 1262 718 1297 tuas.
940 1267 973 1310 90

199 1327 321 1395 Affigique
340 1331 385 1378 suis
399 1331 503 1378 moriens
514 1343 555 1377 tua
565 1329 660 1393 pedore
669 1327 757 1386 sensit,

231 1407 264 1455 Et
283 1411 359 1456 tenuit
372 1408 441 1458 vultu
453 1406 545 1477 lumina
556 1404 603 1454 fixa
615 1420 657 1455 tuo
669 1422 676 1453 s

198 1483 302 1533 Lumina
314 1519 322 1544 ,
338 1483 438 1535 eaerulel
449 1489 498 1549 jam
509 1489 606 1550 jausque
617 1486 725 1533 natantis
734 1496 813 1534 morte
823 1517 832 1544 ,

229 1560 349 1621 Lumina,
366 1562 479 1610 fraternas
490 1566 539 1626 jam
547 1563 653 1610 subitura
662 1578 754 1610 manus.

175 1693 181 1700 ‚
194 1637 229 1687 At
250 1637 382 1687 miseranda
392 1654 474 1703 parens
487 1640 595 1702 suprema
607 1654 684 1703 neque
695 1638 776 1688 oscula
787 1638 860 1700 lixit,
936 1661 964 1705 95

227 1712 324 1779 frigida
340 1730 383 1763 nec
400 1714 463 1764 fovit
478 1715 586 1763 membra
603 1730 719 1764 tremente
734 1718 796 1764 sinu.
910 1726 912 1730 ·

192 1791 251 1841 Non
263 1794 368 1842 annnam
377 1795 487 1858 apposito
499 1791 634 1856 fugientem
650 1796 742 1858 excepit
757 1795 840 1852 hiatu3

169 1893 173 1899 ·
225 1869 278 1919 Nec
297 1873 368 1920 traxit
384 1872 454 1919 eaesas
465 1887 506 1935 pet
521 1885 561 1919 tus
573 1871 682 1920 membra
692 1887 783 1920 comas.

191 1947 282 2012 Raptus
299 1965 323 1996 es
339 1949 444 2007 absenti,
462 1944 521 1997 dum
533 1964 556 1997 te
573 1949 624 1999 fera
635 1948 700 1998 bella
712 1964 852 2011 morantur,
869 1992 872 1997 .

222 2025 314 2075 Utilior
328 2028 425 2091 petriz,
438 2024 513 2092 quim
524 2027 586 2086 tihi,
599 2026 694 2086 Druse,
706 2042 761 2076 tuae.
915 2039 961 2073 100

184 2104 321 2171 .Liquitur,
338 2119 365 2154 ut
376 2103 516 2169 quondam,
530 2104 646 2170 Zephyris
658 2109 682 2154 &
693 2105 783 2156 solibus
792 2109 857 2168 irsae,

222 2181 351 2232 Solvuntur
364 2199 464 2242 tenerae,
478 2199 533 2232 vere
544 2198 655 2248 tepente,
670 2187 746 2234 nives.

187 2259 224 2310 Te
241 2264 361 2328 queritur,
371 2263 483 2328 casusque
495 2261 587 2321 malos,
599 2265 713 2327 irrissque
724 2263 799 2324 tales,

219 2339 365 2405 Accusstque
376 2355 450 2388 annos
464 2375 471 2398 ,
487 2355 513 2388 ut
530 2338 659 2398 diuturna,
673 2343 735 2389 suos.

186 2415 252 2466 Telis
267 2419 292 2465 in
308 2418 442 2476 umbrosis,
459 2419 524 2466 mitis
534 2434 598 2466 nunc
610 2415 731 2483 denique,
743 2417 808 2471 silvis
905 2427 953 2474 >¹05

216 2491 297 2541 Deflet
309 2493 449 2542 Thrii'cinm
459 2494 558 2544 Daulias
569 2496 617 2545 ales
629 2496 684 2557 ltyn
696 2514 701 2544 =

182 2568 337 2630 Halcyonum
350 2569 407 2619 tales
417 2574 515 2620 ventosa
524 2589 566 2637 per
576 2589 673 2638 aequora
684 2574 778 2639 questus
854 2600 859 2612 ι

215 2644 254 2695 Ad
271 2644 351 2696 surdas
366 2640 431 2698 tenui
446 2665 506 2700 voce
520 2651 636 2701 sonantur
650 2667 732 2718 aquas.

180 2725 220 2774 Sic
232 2723 341 2789 plumosa
351 2729 419 2776 novis
430 2727 567 2792 plangentes
580 2732 675 2795 pedore
686 2732 770 2796 pennis

212 2800 314 2851 OEnideu
329 2803 411 2852 sstbitae
427 2807 579 2856 concinuistis
596 2824 659 2860 aves.
904 2821 949 2854 ¹¹0

179 2881 217 2928 Sic
233 2878 300 2930 flevit
314 2878 433 2941 Clymene
444 2901 450 2930 s
462 2886 496 2933 sic
513 2889 538 2934 δι
552 2883 738 2948 Clymeneides,
750 2885 797 2939 altd

211 2954 275 3004 cum
292 2960 383 3020 juvenis
397 2962 477 3022 patriis
494 2960 582 3013 excidit
592 2966 651 3014 iiius
665 2969 740 3030 equis.

178 3031 301 3102 Cougelat
312 3034 434 3089 interdurn
450 3037 587 3106 lacrymas,
606 3039 739 3110 duratque,
759 3057 885 3111 tenetque,

735 3120 800 3173 Oiv
