2367 3992
234 419 267 518 vj
341 425 383 494 P.
416 423 890 499 OvrurrNAsorvrs

234 543 319 606 dubie
336 549 490 610 studiorum
509 551 611 622 causi,
630 570 660 611 ut
678 549 735 632 ipse
752 547 888 621 testatur,
907 549 998 632 petiit.

234 628 322 689 Anno
343 635 432 692 aetatis
455 635 591 693 vicesimo
618 635 691 713 cepit
711 637 817 714 primos
843 632 966 692 honores
986 679 999 702 ,

235 707 341 772 scilicet
358 715 562 774 triumviratum
582 716 730 794 capitalem
747 738 758 786 3
780 738 856 775 anno
872 714 997 794 sequen-

233 807 279 860 te,
295 793 516 854 decemviratum
528 819 534 853 :
547 798 598 877 qtu'
607 796 758 856 decemviri
769 816 846 856 erant
858 794 997 866 instituti,

232 891 263 931 ut
282 878 527 936 centumviralibus
545 880 656 954 judiciis
676 875 823 957 praeellent.
943 934 947 940 ,

273 956 433 1017 Exsrtrrr
451 960 480 1016 in
497 958 607 1017 Ovidio
619 964 676 1037 jam
693 980 777 1038 puero
793 961 864 1018 mira
878 957 915 1017 ad
927 964 999 1037 poe·

232 1035 285 1094 sim
303 1040 432 1110 indoles,
446 1039 482 1098 ad
496 1061 583 1120 quam
597 1040 722 1120 quodam
736 1043 816 1121 quasi
834 1059 937 1099 naturae
951 1042 998 1100 iu-

230 1115 331 1179 stindiu
347 1119 503 1180 ferebatur:
517 1123 608 1179 invito
620 1119 799 1180 vehementer
811 1141 886 1202 patre
900 1167 910 1189 ,
925 1123 994 1200 qui,

231 1195 321 1258 filium
337 1203 469 1261 continue
485 1205 647 1281 increpans,
664 1203 808 1273 Studium,
826 1203 994 1282 inquiebat,

230 1283 296 1356 quid
308 1284 406 1342 inutile
419 1302 508 1343 tentas
522 1289 536 1342 ?
547 1284 703 1344 Maeonides
714 1286 806 1343 nullas
819 1284 873 1360 ipse
883 1285 994 1359 reliquit

230 1382 293 1435 opes
307 1388 316 1421 :
332 1374 452 1446 eumque
464 1367 493 1424 in
507 1365 600 1424 forum
612 1363 784 1425 transtulerat
799 1388 808 1435 3
821 1386 872 1423 nec
885 1363 995 1423 infelici

231 1440 352 1504 succellu
367 1470 373 1502 :
389 1468 456 1506 nam
474 1456 500 1506 &
518 1445 613 1506 causas
631 1445 753 1508 forenses
772 1447 843 1504 dixit
861 1446 994 1527 egregie,

231 1532 258 1583 &
280 1529 490 1587 centumviralia
503 1527 608 1606 judicia
624 1526 714 1587 multi
728 1549 792 1586 cum
810 1527 900 1586 laude‘
908 1530 995 1586 tuitus

230 1602 278 1665 est.
300 1608 377 1678 Sed,
396 1629 508 1668 mortuo
528 1629 626 1689 patre,
645 1609 709 1668 foro
732 1608 888 1678 valedixit,
909 1605 994 1689 seque

229 1705 322 1747 totum
341 1691 432 1750 Musis
450 1691 655 1750 liberalioribus
674 1689 759 1749 dedit.
779 1689 865 1750 Circa
884 1711 993 1749 annum

229 1772 317 1830 aetatis
331 1771 448 1832 alterum
463 1781 490 1832 &
502 1774 688 1843 vicesimum,
702 1771 835 1848 juvenilia
847 1772 972 1830 carmina
983 1817 993 1843 ,

228 1850 332 1934 elegias
353 1852 517 1925 nimirum,
544 1856 649 1934 populo
674 1856 770 1935 legit,
796 1854 992 1933 inclaruitque.

228 1929 330 1993 Poetas
349 1955 416 1996 natu
435 1940 554 2015 majores
578 1937 687 2004 coluit,
706 1956 738 1992 ac
760 1935 915 1993 vicissima
935 1937 993 1993 mi-

228 2016 343 2076 notibus
358 2018 447 2077 cultus
463 2016 508 2076 est.
529 2018 655 2095 Majores
674 2035 766 2075 autem
784 2012 842 2094 ipse
860 2014 991 2088 indicat,

226 2093 378 2169 Macrum,
391 2099 566 2178 Propertium
577 2100 631 2158 sibi
638 2103 697 2177 jure
710 2095 833 2156 sodalitii
841 2099 970 2175 jureium
981 2142 991 2169 ,

227 2174 378 2236 Ponticum
391 2188 417 2238 &
429 2176 560 2251 Bassum,
578 2179 670 2239 dulcia
684 2176 827 2238 conviciis
842 2174 883 2236 sui
896 2199 991 2236 mem-

226 2257 297 2328 bra,
310 2259 463 2319 Horatium
475 2307 484 2330 ,
494 2261 671 2344 Virgilium,
682 2280 767 2342 quem
781 2257 890 2318 tannim
901 2259 991 2332 vidit,

228 2337 344 2400 Gallum
361 2337 567 2401 ac'Tibullum.

267 2421 404 2483 incuruo
421 2422 495 2494 fuit,
517 2445 581 2482 rum
602 2424 717 2503 primis,
734 2422 771 2482 ad
789 2424 897 2503 poesim
918 2422 988 2482 feli·
1022 2423 1024 2426 ’

227 2504 339 2562 cissimo
354 2527 364 2575 3
378 2503 427 2565 sed
445 2504 524 2586 quod
541 2505 596 2565 sibi
613 2503 731 2564 nimium
747 2504 918 2586 quandoque
937 2505 988 2564 in-

226 2583 383 2666 dulgebat:
407 2608 520 2666 corpore
541 2589 640 2656 tenui,
662 2588 807 2667 nervisque
828 2588 988 2665 compasto.

225 2663 325 2725 Romae
338 2665 476 2728 habitavit
487 2673 564 2747 juxta
579 2667 757 2746 Capitolium
771 2690 777 2723 ε
792 2664 888 2725 hortos
900 2688 988 2746 prope

225 2747 303 2806 viam
321 2749 491 2808 Flaminiam
511 2747 619 2808 habuit.
638 2748 708 2808 Tres
724 2751 754 2806 in
773 2750 989 2808 matrimonium

226 2827 306 2887 duxit
316 2851 414 2890 uxores
424 2854 431 2887 ε
442 2831 509 2890 duas
517 2832 632 2912 quidem
645 2832 746 2909 priores
758 2829 834 2888 facto
846 2829 988 2900 divortio,
1044 2889 1047 2892 .

224 2910 398 2989 repudiavit3
410 2914 536 2982 tertiam,
547 2914 663 2993 quicum
675 2910 904 2969 amantissime&
917 2932 988 2969 con-

223 2992 397 3068 junclissime
411 2995 501 3064 vixit,
521 2994 557 3052 ad
571 3013 691 3052 mortem
706 3013 792 3073 usque
806 2993 937 3050 retinuit:
953 3013 988 3051 ex

226 3071 314 3152 cique
332 3075 416 3133 etiam
432 3073 521 3134 filiam
540 3072 660 3145 habuit,
677 3083 705 3134 &
723 3075 793 3139 alios
812 3072 915 3130 liberos
932 3071 990 3133 unit

226 3169 289 3213 cum
306 3176 390 3217 uxore
402 3158 537 3231 relicios,
552 3177 642 3241 quum
655 3153 714 3239 ipse
727 3155 864 3238 relegatus
876 3152 924 3214 est.
