<?xml version="1.0" encoding="UTF-8"?>
<!DOCTYPE html PUBLIC "-//W3C//DTD XHTML 1.0 Transitional//EN"
    "http://www.w3.org/TR/xhtml1/DTD/xhtml1-transitional.dtd">
<html xmlns="http://www.w3.org/1999/xhtml" xml:lang="en" lang="en">
 <head>
  <title>
</title>
<meta http-equiv="Content-Type" content="text/html;charset=utf-8" />
  <meta name='ocr-system' content='tesseract 3.04.00' />
  <meta name='ocr-capabilities' content='ocr_page ocr_carea ocr_par ocr_line ocrx_word'/>
</head>
<body>
  <div class='ocr_page' id='page_1' title='image "./povidiinasoniso03ovidgoog_0311.png"; bbox 0 0 2367 3992; ppageno 0'>
   <div class='ocr_carea' id='block_1_1' title="bbox 259 488 907 587">
    <p class='ocr_par' dir='ltr' id='par_1_1' title="bbox 259 488 907 587">
     <span class='ocr_line' id='line_1_1' title="bbox 259 488 907 587; baseline -0.014 -12"><span class='ocrx_word' id='word_1_1' title='bbox 259 488 557 576; x_wconf 74' lang='lat' dir='ltr'>-REMEnlA</span> <span class='ocrx_word' id='word_1_2' title='bbox 585 498 791 570; x_wconf 71' lang='lat' dir='ltr'>Anionis</span> <span class='ocrx_word' id='word_1_3' title='bbox 844 522 907 587; x_wconf 79' lang='lat'>293</span> 
     </span>
    </p>
   </div>
   <div class='ocr_carea' id='block_1_2' title="bbox 182 625 969 3183">
    <p class='ocr_par' dir='ltr' id='par_1_2' title="bbox 182 625 969 3183">
     <span class='ocr_line' id='line_1_2' title="bbox 198 625 959 691; baseline -0.005 -17"><span class='ocrx_word' id='word_1_4' title='bbox 198 625 243 675; x_wconf 90' lang='lat' dir='ltr'>Hic</span> <span class='ocrx_word' id='word_1_5' title='bbox 257 627 320 676; x_wconf 63' lang='lat' dir='ltr'>mal&amp;</span> <span class='ocrx_word' id='word_1_6' title='bbox 331 626 413 677; x_wconf 73' lang='lat' dir='ltr'>dotati</span> <span class='ocrx_word' id='word_1_7' title='bbox 424 642 511 691; x_wconf 75' lang='lat' dir='ltr'>pauper</span> <span class='ocrx_word' id='word_1_8' title='bbox 525 641 581 672; x_wconf 89' lang='lat' dir='ltr'>cum</span> <span class='ocrx_word' id='word_1_9' title='bbox 590 627 693 688; x_wconf 79' lang='lat' dir='ltr'>conjuge</span> <span class='ocrx_word' id='word_1_10' title='bbox 703 625 783 671; x_wconf 77' lang='lat' dir='ltr'>vivit:</span> <span class='ocrx_word' id='word_1_11' title='bbox 917 629 944 678; x_wconf 80' lang='lat'>56</span> <span class='ocrx_word' id='word_1_12' title='bbox 949 635 959 679; x_wconf 83' lang='lat'>5</span> 
     </span>
     <span class='ocr_line' id='line_1_3' title="bbox 228 699 641 753; baseline -0.007 -2"><span class='ocrx_word' id='word_1_13' title='bbox 228 703 334 753; x_wconf 79' lang='lat' dir='ltr'>Uxorem</span> <span class='ocrx_word' id='word_1_14' title='bbox 345 705 396 753; x_wconf 81' lang='lat' dir='ltr'>fato</span> <span class='ocrx_word' id='word_1_15' title='bbox 408 701 488 752; x_wconf 78' lang='lat' dir='ltr'>credat</span> <span class='ocrx_word' id='word_1_16' title='bbox 499 699 641 750; x_wconf 81' lang='lat' dir='ltr'>obeffe&#39;suo.</span> 
     </span>
     <span class='ocr_line' id='line_1_4' title="bbox 195 779 733 846; baseline -0.002 -18"><span class='ocrx_word' id='word_1_17' title='bbox 195 780 233 829; x_wconf 84' lang='lat' dir='ltr'>Est</span> <span class='ocrx_word' id='word_1_18' title='bbox 251 786 294 831; x_wconf 83' lang='lat' dir='ltr'>tibi</span> <span class='ocrx_word' id='word_1_19' title='bbox 305 801 358 838; x_wconf 88' lang='lat' dir='ltr'>rure</span> <span class='ocrx_word' id='word_1_20' title='bbox 374 785 438 831; x_wconf 92' lang='lat' dir='ltr'>bono</span> <span class='ocrx_word' id='word_1_21' title='bbox 456 782 573 846; x_wconf 80' lang='lat' dir='ltr'>gentrosae</span> <span class='ocrx_word' id='word_1_22' title='bbox 586 779 670 829; x_wconf 81' lang='lat' dir='ltr'>fertilis</span> <span class='ocrx_word' id='word_1_23' title='bbox 683 794 733 828; x_wconf 79' lang='lat' dir='ltr'>uvae</span> 
     </span>
     <span class='ocr_line' id='line_1_5' title="bbox 227 858 823 917; baseline -0.007 -9"><span class='ocrx_word' id='word_1_24' title='bbox 227 861 302 910; x_wconf 78' lang='lat' dir='ltr'>Vinea</span> <span class='ocrx_word' id='word_1_25' title='bbox 315 881 320 910; x_wconf 91' lang='lat'>:</span> <span class='ocrx_word' id='word_1_26' title='bbox 338 880 366 910; x_wconf 90' lang='lat' dir='ltr'>ne</span> <span class='ocrx_word' id='word_1_27' title='bbox 381 863 478 909; x_wconf 73' lang='lat' dir='ltr'>nascens</span> <span class='ocrx_word' id='word_1_28' title='bbox 495 872 540 906; x_wconf 79' lang='lat' dir='ltr'>uva</span> <span class='ocrx_word' id='word_1_29' title='bbox 554 861 583 906; x_wconf 87' lang='lat' dir='ltr'>sit</span> <span class='ocrx_word' id='word_1_30' title='bbox 595 858 662 917; x_wconf 83' lang='lat' dir='ltr'>usta,</span> <span class='ocrx_word' id='word_1_31' title='bbox 681 861 748 906; x_wconf 78' lang='lat' dir='ltr'>time.</span> <span class='ocrx_word' id='word_1_32' title='bbox 820 894 823 899; x_wconf 90' lang='lat'>.</span> 
     </span>
     <span class='ocr_line' id='line_1_6' title="bbox 193 933 850 1000; baseline -0.002 -17"><span class='ocrx_word' id='word_1_33' title='bbox 193 935 236 984; x_wconf 88' lang='lat' dir='ltr'>Ille</span> <span class='ocrx_word' id='word_1_34' title='bbox 250 939 321 988; x_wconf 85' lang='lat' dir='ltr'>habet</span> <span class='ocrx_word' id='word_1_35' title='bbox 331 943 356 988; x_wconf 90' lang='lat' dir='ltr'>in</span> <span class='ocrx_word' id='word_1_36' title='bbox 367 937 445 988; x_wconf 84' lang='lat' dir='ltr'>reditu</span> <span class='ocrx_word' id='word_1_37' title='bbox 457 941 538 986; x_wconf 80' lang='lat' dir='ltr'>navim</span> <span class='ocrx_word' id='word_1_38' title='bbox 549 955 554 985; x_wconf 91' lang='lat'><strong>:</strong></span> <span class='ocrx_word' id='word_1_39' title='bbox 564 933 727 1000; x_wconf 72' lang='lat' dir='ltr'>maresem&#39;per</span> <span class='ocrx_word' id='word_1_40' title='bbox 738 937 850 1000; x_wconf 86' lang='lat' dir='ltr'>iniquum</span> 
     </span>
     <span class='ocr_line' id='line_1_7' title="bbox 227 1013 969 1078; baseline 0 -16"><span class='ocrx_word' id='word_1_41' title='bbox 227 1014 342 1078; x_wconf 79' lang='lat' dir='ltr'>Cogitet,</span> <span class='ocrx_word' id='word_1_42' title='bbox 363 1022 387 1066; x_wconf 88' lang='lat'>&amp;</span> <span class='ocrx_word' id='word_1_43' title='bbox 406 1015 495 1066; x_wconf 74' lang='lat' dir='ltr'>damno</span> <span class='ocrx_word' id='word_1_44' title='bbox 507 1015 577 1064; x_wconf 83' lang='lat' dir='ltr'>litora</span> <span class='ocrx_word' id='word_1_45' title='bbox 589 1013 654 1064; x_wconf 73' lang='lat' dir='ltr'>foeda</span> <span class='ocrx_word' id='word_1_46' title='bbox 666 1016 717 1063; x_wconf 87' lang='lat' dir='ltr'>suo.</span> <span class='ocrx_word' id='word_1_47' title='bbox 915 1029 969 1077; x_wconf 58' lang='lat'>570*</span> 
     </span>
     <span class='ocr_line' id='line_1_8' title="bbox 193 1092 753 1156; baseline 0.002 -18"><span class='ocrx_word' id='word_1_48' title='bbox 193 1092 266 1140; x_wconf 83' lang='lat' dir='ltr'>filius</span> <span class='ocrx_word' id='word_1_49' title='bbox 276 1097 338 1142; x_wconf 82' lang='lat' dir='ltr'>hunc</span> <span class='ocrx_word' id='word_1_50' title='bbox 351 1096 420 1143; x_wconf 84' lang='lat' dir='ltr'>miles</span> <span class='ocrx_word' id='word_1_51' title='bbox 432 1130 440 1154; x_wconf 90' lang='lat'>,</span> <span class='ocrx_word' id='word_1_52' title='bbox 460 1111 483 1142; x_wconf 84' lang='lat' dir='ltr'>te</span> <span class='ocrx_word' id='word_1_53' title='bbox 495 1093 544 1141; x_wconf 78' lang='lat' dir='ltr'>filia</span> <span class='ocrx_word' id='word_1_54' title='bbox 557 1093 645 1141; x_wconf 87' lang='lat' dir='ltr'>nubilis</span> <span class='ocrx_word' id='word_1_55' title='bbox 656 1108 753 1156; x_wconf 79' lang='lat' dir='ltr'>angant.</span> 
     </span>
     <span class='ocr_line' id='line_1_9' title="bbox 224 1167 762 1235; baseline 0.004 -18"><span class='ocrx_word' id='word_1_56' title='bbox 224 1170 255 1218; x_wconf 86' lang='lat' dir='ltr'>Et</span> <span class='ocrx_word' id='word_1_57' title='bbox 266 1176 319 1235; x_wconf 88' lang='lat' dir='ltr'>quis</span> <span class='ocrx_word' id='word_1_58' title='bbox 330 1188 379 1219; x_wconf 90' lang='lat' dir='ltr'>non</span> <span class='ocrx_word' id='word_1_59' title='bbox 389 1173 467 1220; x_wconf 80' lang='lat' dir='ltr'>causas</span> <span class='ocrx_word' id='word_1_60' title='bbox 483 1171 550 1218; x_wconf 88' lang='lat' dir='ltr'>mille</span> <span class='ocrx_word' id='word_1_61' title='bbox 562 1167 652 1217; x_wconf 80' lang='lat' dir='ltr'>doloiis</span> <span class='ocrx_word' id='word_1_62' title='bbox 663 1172 733 1217; x_wconf 83' lang='lat' dir='ltr'>habet</span> <span class='ocrx_word' id='word_1_63' title='bbox 744 1172 762 1219; x_wconf 69' lang='lat'>3&#39;</span> 
     </span>
     <span class='ocr_line' id='line_1_10' title="bbox 192 1246 798 1310; baseline 0.002 -16"><span class='ocrx_word' id='word_1_64' title='bbox 192 1246 226 1294; x_wconf 86' lang='lat' dir='ltr'>Ut</span> <span class='ocrx_word' id='word_1_65' title='bbox 242 1253 316 1310; x_wconf 86' lang='lat' dir='ltr'>possis</span> <span class='ocrx_word' id='word_1_66' title='bbox 327 1246 403 1297; x_wconf 72' lang='lat' dir='ltr'>odisse</span> <span class='ocrx_word' id='word_1_67' title='bbox 418 1263 483 1296; x_wconf 84' lang='lat' dir='ltr'>tuam</span> <span class='ocrx_word' id='word_1_68' title='bbox 497 1282 504 1305; x_wconf 87' lang='lat'><strong><em>‚</em></strong></span> <span class='ocrx_word' id='word_1_69' title='bbox 518 1249 586 1304; x_wconf 85' lang='lat' dir='ltr'>Pari,</span> <span class='ocrx_word' id='word_1_70' title='bbox 603 1247 686 1294; x_wconf 84' lang='lat' dir='ltr'>funera</span> <span class='ocrx_word' id='word_1_71' title='bbox 696 1246 798 1295; x_wconf 79' lang='lat' dir='ltr'>fratrum</span> 
     </span>
     <span class='ocr_line' id='line_1_11' title="bbox 225 1323 684 1375; baseline 0.004 -4"><span class='ocrx_word' id='word_1_72' title='bbox 225 1325 347 1374; x_wconf 82' lang='lat' dir='ltr'>Debueras</span> <span class='ocrx_word' id='word_1_73' title='bbox 362 1326 437 1375; x_wconf 85' lang='lat' dir='ltr'>oculis</span> <span class='ocrx_word' id='word_1_74' title='bbox 454 1323 596 1374; x_wconf 81' lang='lat' dir='ltr'>substituisse</span> <span class='ocrx_word' id='word_1_75' title='bbox 611 1328 666 1374; x_wconf 88' lang='lat' dir='ltr'>tuis.</span> <span class='ocrx_word' id='word_1_76' title='bbox 682 1350 684 1352; x_wconf 30' lang='lat' dir='ltr'>v</span> 
     </span>
     <span class='ocr_line' id='line_1_12' title="bbox 191 1402 955 1470; baseline 0.004 -20"><span class='ocrx_word' id='word_1_77' title='bbox 191 1402 263 1451; x_wconf 79' lang='lat' dir='ltr'>Plura</span> <span class='ocrx_word' id='word_1_78' title='bbox 282 1403 441 1469; x_wconf 79' lang='lat' dir='ltr'>loquebatur3</span> <span class='ocrx_word' id='word_1_79' title='bbox 460 1402 581 1470; x_wconf 86' lang='lat' dir='ltr'>placidum</span> <span class='ocrx_word' id='word_1_80' title='bbox 597 1403 693 1468; x_wconf 77' lang='lat' dir='ltr'>puerilis</span> <span class='ocrx_word' id='word_1_81' title='bbox 703 1407 785 1469; x_wconf 79' lang='lat' dir='ltr'>imago</span> <span class='ocrx_word' id='word_1_82' title='bbox 915 1416 955 1462; x_wconf 74' lang='lat'>575</span> 
     </span>
     <span class='ocr_line' id='line_1_13' title="bbox 223 1481 768 1550; baseline 0.006 -22"><span class='ocrx_word' id='word_1_83' title='bbox 223 1481 339 1531; x_wconf 85' lang='lat' dir='ltr'>Destituit</span> <span class='ocrx_word' id='word_1_84' title='bbox 350 1485 474 1550; x_wconf 77' lang='lat' dir='ltr'>somnumt</span> <span class='ocrx_word' id='word_1_85' title='bbox 483 1486 502 1531; x_wconf 89' lang='lat' dir='ltr'>si</span> <span class='ocrx_word' id='word_1_86' title='bbox 513 1481 589 1532; x_wconf 88' lang='lat' dir='ltr'>mod&#39;o</span> <span class='ocrx_word' id='word_1_87' title='bbox 601 1485 698 1531; x_wconf 88' lang='lat' dir='ltr'>somnus</span> <span class='ocrx_word' id='word_1_88' title='bbox 708 1498 768 1531; x_wconf 80' lang='lat' dir='ltr'>erat.</span> 
     </span>
     <span class='ocr_line' id='line_1_14' title="bbox 191 1558 811 1619; baseline 0.005 -12"><span class='ocrx_word' id='word_1_89' title='bbox 191 1558 257 1619; x_wconf 82' lang='lat' dir='ltr'><strong>Quid</strong></span> <span class='ocrx_word' id='word_1_90' title='bbox 273 1560 377 1609; x_wconf 81' lang='lat' dir='ltr'>faciam?</span> <span class='ocrx_word' id='word_1_91' title='bbox 394 1559 474 1610; x_wconf 59' lang='lat' dir='ltr'>medii</span> <span class='ocrx_word' id='word_1_92' title='bbox 484 1564 565 1611; x_wconf 82' lang='lat' dir='ltr'>navim</span> <span class='ocrx_word' id='word_1_93' title='bbox 577 1561 701 1610; x_wconf 77' lang='lat' dir='ltr'>Palinurus</span> <span class='ocrx_word' id='word_1_94' title='bbox 710 1563 736 1609; x_wconf 93' lang='lat' dir='ltr'>in</span> <span class='ocrx_word' id='word_1_95' title='bbox 748 1559 811 1610; x_wconf 84' lang='lat' dir='ltr'>unda</span> 
     </span>
     <span class='ocr_line' id='line_1_15' title="bbox 223 1637 685 1703; baseline 0.006 -19"><span class='ocrx_word' id='word_1_96' title='bbox 223 1637 334 1688; x_wconf 81' lang='lat' dir='ltr'>Deserit:</span> <span class='ocrx_word' id='word_1_97' title='bbox 347 1643 439 1703; x_wconf 83' lang='lat' dir='ltr'>ignotas</span> <span class='ocrx_word' id='word_1_98' title='bbox 460 1656 535 1703; x_wconf 86' lang='lat' dir='ltr'>cogor</span> <span class='ocrx_word' id='word_1_99' title='bbox 552 1642 611 1688; x_wconf 85' lang='lat' dir='ltr'>inire</span> <span class='ocrx_word' id='word_1_100' title='bbox 626 1642 685 1689; x_wconf 85' lang='lat' dir='ltr'>vias.</span> 
     </span>
     <span class='ocr_line' id='line_1_16' title="bbox 191 1716 890 1781; baseline 0 -17"><span class='ocrx_word' id='word_1_101' title='bbox 191 1716 303 1781; x_wconf 81' lang='lat' dir='ltr'><strong>Quisquis</strong></span> <span class='ocrx_word' id='word_1_102' title='bbox 316 1733 379 1765; x_wconf 80' lang='lat' dir='ltr'>amas</span> <span class='ocrx_word' id='word_1_103' title='bbox 393 1752 401 1775; x_wconf 84' lang='lat'>‚</span> <span class='ocrx_word' id='word_1_104' title='bbox 418 1718 472 1765; x_wconf 89' lang='lat' dir='ltr'>loca</span> <span class='ocrx_word' id='word_1_105' title='bbox 482 1717 533 1765; x_wconf 79' lang='lat' dir='ltr'>sola</span> <span class='ocrx_word' id='word_1_106' title='bbox 548 1733 655 1776; x_wconf 83' lang='lat' dir='ltr'>nocent,</span> <span class='ocrx_word' id='word_1_107' title='bbox 669 1718 723 1766; x_wconf 79' lang='lat' dir='ltr'>loca</span> <span class='ocrx_word' id='word_1_108' title='bbox 736 1717 787 1765; x_wconf 79' lang='lat' dir='ltr'>solt</span> <span class='ocrx_word' id='word_1_109' title='bbox 797 1731 890 1765; x_wconf 75' lang='lat' dir='ltr'>caveto.</span> 
     </span>
     <span class='ocr_line' id='line_1_17' title="bbox 223 1792 958 1864; baseline -0.001 -23"><span class='ocrx_word' id='word_1_110' title='bbox 223 1793 279 1854; x_wconf 75' lang='lat' dir='ltr'>Quo</span> <span class='ocrx_word' id='word_1_111' title='bbox 293 1794 353 1857; x_wconf 80' lang='lat' dir='ltr'>fugis</span> <span class='ocrx_word' id='word_1_112' title='bbox 371 1795 379 1839; x_wconf 85' lang='lat'>?</span> <span class='ocrx_word' id='word_1_113' title='bbox 391 1797 416 1841; x_wconf 90' lang='lat' dir='ltr'>in</span> <span class='ocrx_word' id='word_1_114' title='bbox 430 1793 521 1858; x_wconf 87' lang='lat' dir='ltr'>populo</span> <span class='ocrx_word' id='word_1_115' title='bbox 533 1797 607 1842; x_wconf 86' lang='lat' dir='ltr'>tutior</span> <span class='ocrx_word' id='word_1_116' title='bbox 618 1792 663 1841; x_wconf 73' lang='lat' dir='ltr'>ell&#39;e</span> <span class='ocrx_word' id='word_1_117' title='bbox 674 1809 751 1857; x_wconf 81' lang='lat' dir='ltr'>potes.</span> <span class='ocrx_word' id='word_1_118' title='bbox 913 1802 958 1864; x_wconf 74' lang='lat'>580</span> 
     </span>
     <span class='ocr_line' id='line_1_18' title="bbox 191 1871 760 1939; baseline -0.005 -18"><span class='ocrx_word' id='word_1_119' title='bbox 191 1872 249 1921; x_wconf 89' lang='lat' dir='ltr'>Non</span> <span class='ocrx_word' id='word_1_120' title='bbox 268 1873 311 1919; x_wconf 89' lang='lat' dir='ltr'>tibi</span> <span class='ocrx_word' id='word_1_121' title='bbox 323 1874 435 1930; x_wconf 80' lang='lat' dir='ltr'>secretis,</span> <span class='ocrx_word' id='word_1_122' title='bbox 456 1886 543 1939; x_wconf 81' lang='lat' dir='ltr'>augent</span> <span class='ocrx_word' id='word_1_123' title='bbox 554 1872 642 1919; x_wconf 84' lang='lat' dir='ltr'>secreta</span> <span class='ocrx_word' id='word_1_124' title='bbox 653 1871 760 1924; x_wconf 66' lang='lat' dir='ltr'>furores,</span> 
     </span>
     <span class='ocr_line' id='line_1_19' title="bbox 221 1942 824 2015; baseline 0.002 -18"><span class='ocrx_word' id='word_1_125' title='bbox 221 1949 261 1998; x_wconf 82' lang='lat' dir='ltr'>Est</span> <span class='ocrx_word' id='word_1_126' title='bbox 273 1965 347 2015; x_wconf 83' lang='lat' dir='ltr'>opus:</span> <span class='ocrx_word' id='word_1_127' title='bbox 359 1949 448 1998; x_wconf 78' lang='lat' dir='ltr'>attxilio</span> <span class='ocrx_word' id='word_1_128' title='bbox 464 1950 532 1998; x_wconf 82' lang='lat' dir='ltr'>turba</span> <span class='ocrx_word' id='word_1_129' title='bbox 543 1948 622 1998; x_wconf 82' lang='lat' dir='ltr'>futura</span> <span class='ocrx_word' id='word_1_130' title='bbox 633 1951 676 1997; x_wconf 88' lang='lat' dir='ltr'>tibi</span> <span class='ocrx_word' id='word_1_131' title='bbox 688 1949 728 1998; x_wconf 85' lang='lat' dir='ltr'>est.</span> <span class='ocrx_word' id='word_1_132' title='bbox 798 1959 805 1971; x_wconf 78' lang='grc'><em>’</em></span> <span class='ocrx_word' id='word_1_133' title='bbox 821 1942 824 1949; x_wconf 67' lang='grc'><strong>’</strong></span> 
     </span>
     <span class='ocr_line' id='line_1_20' title="bbox 190 2025 787 2094; baseline 0.002 -18"><span class='ocrx_word' id='word_1_134' title='bbox 190 2028 272 2076; x_wconf 82' lang='lat' dir='ltr'>Tristis</span> <span class='ocrx_word' id='word_1_135' title='bbox 282 2032 340 2088; x_wconf 85' lang='lat' dir='ltr'>eris,</span> <span class='ocrx_word' id='word_1_136' title='bbox 357 2033 375 2078; x_wconf 86' lang='lat' dir='ltr'>si</span> <span class='ocrx_word' id='word_1_137' title='bbox 387 2029 449 2078; x_wconf 88' lang='lat' dir='ltr'>solus</span> <span class='ocrx_word' id='word_1_138' title='bbox 463 2030 507 2077; x_wconf 76' lang='lat' dir='ltr'>eris</span> <span class='ocrx_word' id='word_1_139' title='bbox 521 2047 526 2076; x_wconf 94' lang='lat'><strong>:</strong></span> <span class='ocrx_word' id='word_1_140' title='bbox 539 2025 690 2094; x_wconf 81' lang='lat' dir='ltr'>dominaeque</span> <span class='ocrx_word' id='word_1_141' title='bbox 701 2028 787 2078; x_wconf 78' lang='lat' dir='ltr'>reliuae</span> 
     </span>
     <span class='ocr_line' id='line_1_21' title="bbox 223 2107 728 2171; baseline 0 -15"><span class='ocrx_word' id='word_1_142' title='bbox 223 2108 284 2156; x_wconf 75' lang='lat' dir='ltr'>Ante</span> <span class='ocrx_word' id='word_1_143' title='bbox 295 2107 379 2156; x_wconf 86' lang='lat' dir='ltr'>oculos</span> <span class='ocrx_word' id='word_1_144' title='bbox 391 2108 463 2156; x_wconf 81' lang='lat' dir='ltr'>facies</span> <span class='ocrx_word' id='word_1_145' title='bbox 474 2107 556 2162; x_wconf 65' lang='lat' dir='ltr'>stabit,</span> <span class='ocrx_word' id='word_1_146' title='bbox 568 2122 595 2155; x_wconf 94' lang='lat' dir='ltr'>ut</span> <span class='ocrx_word' id='word_1_147' title='bbox 606 2109 655 2171; x_wconf 84' lang='lat' dir='ltr'>ipsa</span> <span class='ocrx_word' id='word_1_148' title='bbox 665 2122 728 2156; x_wconf 89' lang='lat' dir='ltr'>tuos.</span> 
     </span>
     <span class='ocr_line' id='line_1_22' title="bbox 190 2183 953 2251; baseline -0.001 -17"><span class='ocrx_word' id='word_1_149' title='bbox 190 2185 290 2234; x_wconf 77' lang='lat' dir='ltr'>Tristior</span> <span class='ocrx_word' id='word_1_150' title='bbox 305 2183 394 2234; x_wconf 84' lang='lat' dir='ltr'>idcirco</span> <span class='ocrx_word' id='word_1_151' title='bbox 409 2203 456 2234; x_wconf 80' lang='lat' dir='ltr'>nox</span> <span class='ocrx_word' id='word_1_152' title='bbox 472 2185 520 2243; x_wconf 84' lang='lat' dir='ltr'>est,</span> <span class='ocrx_word' id='word_1_153' title='bbox 532 2184 606 2250; x_wconf 61' lang='lat' dir='ltr'>quim</span> <span class='ocrx_word' id='word_1_154' title='bbox 618 2201 726 2251; x_wconf 75' lang='lat' dir='ltr'>tempora</span> <span class='ocrx_word' id='word_1_155' title='bbox 742 2187 838 2236; x_wconf 81' lang='lat' dir='ltr'>Phoebi:</span> <span class='ocrx_word' id='word_1_156' title='bbox 910 2187 953 2249; x_wconf 69' lang='lat'>585</span> 
     </span>
     <span class='ocr_line' id='line_1_23' title="bbox 222 2263 775 2323; baseline 0.007 -13"><span class='ocrx_word' id='word_1_157' title='bbox 222 2263 281 2323; x_wconf 83' lang='lat' dir='ltr'>Quae</span> <span class='ocrx_word' id='word_1_158' title='bbox 302 2263 390 2312; x_wconf 80' lang='lat' dir='ltr'>relevet</span> <span class='ocrx_word' id='word_1_159' title='bbox 406 2264 499 2317; x_wconf 61' lang='lat' dir='ltr'>initus,</span> <span class='ocrx_word' id='word_1_160' title='bbox 516 2263 585 2312; x_wconf 81' lang='lat' dir='ltr'>turba</span> <span class='ocrx_word' id='word_1_161' title='bbox 603 2265 690 2314; x_wconf 83' lang='lat' dir='ltr'>sodalis</span> <span class='ocrx_word' id='word_1_162' title='bbox 704 2265 775 2314; x_wconf 79' lang='lat' dir='ltr'>abest.</span> 
     </span>
     <span class='ocr_line' id='line_1_24' title="bbox 189 2340 862 2408; baseline 0.004 -18"><span class='ocrx_word' id='word_1_163' title='bbox 189 2341 241 2390; x_wconf 83' lang='lat' dir='ltr'>Nec</span> <span class='ocrx_word' id='word_1_164' title='bbox 257 2340 312 2405; x_wconf 82' lang='lat' dir='ltr'>fuge</span> <span class='ocrx_word' id='word_1_165' title='bbox 323 2341 473 2407; x_wconf 81' lang='lat' dir='ltr'>colloquium</span> <span class='ocrx_word' id='word_1_166' title='bbox 486 2360 492 2389; x_wconf 73' lang='grc' dir='ltr'><strong><em>ε</em></strong></span> <span class='ocrx_word' id='word_1_167' title='bbox 505 2359 548 2390; x_wconf 87' lang='lat' dir='ltr'>nec</span> <span class='ocrx_word' id='word_1_168' title='bbox 559 2345 590 2391; x_wconf 86' lang='lat' dir='ltr'>sit</span> <span class='ocrx_word' id='word_1_169' title='bbox 601 2345 643 2392; x_wconf 92' lang='lat' dir='ltr'>tibi</span> <span class='ocrx_word' id='word_1_170' title='bbox 651 2347 722 2408; x_wconf 78' lang='lat' dir='ltr'>Jmua</span> <span class='ocrx_word' id='word_1_171' title='bbox 731 2344 825 2398; x_wconf 76' lang='lat' dir='ltr'>clausu:</span> <span class='ocrx_word' id='word_1_172' title='bbox 859 2383 862 2388; x_wconf 94' lang='lat'>.</span> 
     </span>
     <span class='ocr_line' id='line_1_25' title="bbox 222 2409 730 2470; baseline 0.006 -3"><span class='ocrx_word' id='word_1_173' title='bbox 222 2419 273 2467; x_wconf 84' lang='lat' dir='ltr'>Nec</span> <span class='ocrx_word' id='word_1_174' title='bbox 293 2422 393 2468; x_wconf 80' lang='lat' dir='ltr'>tenebris</span> <span class='ocrx_word' id='word_1_175' title='bbox 405 2409 485 2469; x_wconf 77' lang='lat' dir='ltr'>uultus</span> <span class='ocrx_word' id='word_1_176' title='bbox 496 2420 582 2469; x_wconf 86' lang='lat' dir='ltr'>flebilis</span> <span class='ocrx_word' id='word_1_177' title='bbox 597 2421 657 2470; x_wconf 86' lang='lat' dir='ltr'>abde</span> <span class='ocrx_word' id='word_1_178' title='bbox 668 2437 730 2470; x_wconf 88' lang='lat' dir='ltr'>tuos.</span> 
     </span>
     <span class='ocr_line' id='line_1_26' title="bbox 189 2496 813 2563; baseline 0.002 -17"><span class='ocrx_word' id='word_1_179' title='bbox 189 2498 287 2562; x_wconf 83' lang='lat' dir='ltr'>Semper</span> <span class='ocrx_word' id='word_1_180' title='bbox 302 2500 362 2545; x_wconf 83' lang='lat' dir='ltr'>habe</span> <span class='ocrx_word' id='word_1_181' title='bbox 372 2496 494 2559; x_wconf 83' lang='lat' dir='ltr'><strong>Pyladen,</strong></span> <span class='ocrx_word' id='word_1_182' title='bbox 509 2502 550 2563; x_wconf 87' lang='lat' dir='ltr'>qui</span> <span class='ocrx_word' id='word_1_183' title='bbox 561 2497 697 2546; x_wconf 85' lang='lat' dir='ltr'>consoletur</span> <span class='ocrx_word' id='word_1_184' title='bbox 707 2499 813 2547; x_wconf 86' lang='lat' dir='ltr'>Oresten.</span> 
     </span>
     <span class='ocr_line' id='line_1_27' title="bbox 222 2575 956 2639; baseline -0.003 -16"><span class='ocrx_word' id='word_1_185' title='bbox 222 2576 267 2623; x_wconf 90' lang='lat' dir='ltr'>Hic</span> <span class='ocrx_word' id='word_1_186' title='bbox 286 2591 381 2639; x_wconf 84' lang='lat' dir='ltr'>quoque</span> <span class='ocrx_word' id='word_1_187' title='bbox 394 2578 506 2622; x_wconf 82' lang='lat' dir='ltr'>amicitiae</span> <span class='ocrx_word' id='word_1_188' title='bbox 520 2591 570 2622; x_wconf 92' lang='lat' dir='ltr'>non</span> <span class='ocrx_word' id='word_1_189' title='bbox 581 2575 638 2623; x_wconf 81' lang='lat' dir='ltr'>levis</span> <span class='ocrx_word' id='word_1_190' title='bbox 650 2577 702 2624; x_wconf 87' lang='lat' dir='ltr'>usus</span> <span class='ocrx_word' id='word_1_191' title='bbox 714 2579 768 2639; x_wconf 78' lang='lat' dir='ltr'>erit.</span> <span class='ocrx_word' id='word_1_192' title='bbox 910 2590 956 2634; x_wconf 83' lang='lat'>590</span> 
     </span>
     <span class='ocr_line' id='line_1_28' title="bbox 182 2651 756 2714; baseline 0.002 -13"><span class='ocrx_word' id='word_1_193' title='bbox 182 2651 255 2714; x_wconf 73' lang='lat' dir='ltr'>vQuid</span> <span class='ocrx_word' id='word_1_194' title='bbox 268 2656 312 2700; x_wconf 87' lang='lat' dir='ltr'>nisi</span> <span class='ocrx_word' id='word_1_195' title='bbox 330 2653 423 2700; x_wconf 74' lang='lat' dir='ltr'>secreta:</span> <span class='ocrx_word' id='word_1_196' title='bbox 437 2653 546 2700; x_wconf 62' lang='lat' dir='ltr'>los-crunt</span> <span class='ocrx_word' id='word_1_197' title='bbox 555 2651 667 2712; x_wconf 81' lang='lat' dir='ltr'>Phyllida</span> <span class='ocrx_word' id='word_1_198' title='bbox 676 2654 756 2703; x_wconf 66' lang='lat' dir='ltr'>silvzcl</span> 
     </span>
     <span class='ocr_line' id='line_1_29' title="bbox 220 2730 741 2781; baseline -0.004 0"><span class='ocrx_word' id='word_1_199' title='bbox 220 2731 295 2781; x_wconf 79' lang='lat' dir='ltr'>Certa</span> <span class='ocrx_word' id='word_1_200' title='bbox 306 2732 368 2777; x_wconf 83' lang='lat' dir='ltr'>necis</span> <span class='ocrx_word' id='word_1_201' title='bbox 387 2732 456 2778; x_wconf 72' lang='lat' dir='ltr'>causa</span> <span class='ocrx_word' id='word_1_202' title='bbox 474 2730 506 2777; x_wconf 84' lang='lat' dir='ltr'>est</span> <span class='ocrx_word' id='word_1_203' title='bbox 516 2749 522 2776; x_wconf 72' lang='grc' dir='ltr'><strong>ε</strong></span> <span class='ocrx_word' id='word_1_204' title='bbox 534 2733 675 2780; x_wconf 81' lang='lat' dir='ltr'>incomitata</span> <span class='ocrx_word' id='word_1_205' title='bbox 688 2732 741 2780; x_wconf 80' lang='lat' dir='ltr'>fuit.</span> 
     </span>
     <span class='ocr_line' id='line_1_30' title="bbox 186 2805 748 2867; baseline -0.004 -7"><span class='ocrx_word' id='word_1_206' title='bbox 186 2812 240 2860; x_wconf 69' lang='lat' dir='ltr'>lun</span> <span class='ocrx_word' id='word_1_207' title='bbox 254 2844 261 2867; x_wconf 95' lang='lat'>,</span> <span class='ocrx_word' id='word_1_208' title='bbox 279 2823 304 2856; x_wconf 87' lang='lat' dir='ltr'>ut</span> <span class='ocrx_word' id='word_1_209' title='bbox 319 2805 404 2856; x_wconf 81' lang='lat' dir='ltr'>Edono</span> <span class='ocrx_word' id='word_1_210' title='bbox 418 2808 519 2856; x_wconf 80' lang='lat' dir='ltr'>referens</span> <span class='ocrx_word' id='word_1_211' title='bbox 531 2809 748 2858; x_wconf 79' lang='lat' dir='ltr'>trietericaBaccho</span> 
     </span>
     <span class='ocr_line' id='line_1_31' title="bbox 220 2884 695 2936; baseline 0.004 -2"><span class='ocrx_word' id='word_1_212' title='bbox 220 2888 256 2935; x_wconf 88' lang='lat' dir='ltr'>lrc</span> <span class='ocrx_word' id='word_1_213' title='bbox 276 2884 337 2933; x_wconf 84' lang='lat' dir='ltr'>solet</span> <span class='ocrx_word' id='word_1_214' title='bbox 353 2885 410 2933; x_wconf 82' lang='lat' dir='ltr'>fusis</span> <span class='ocrx_word' id='word_1_215' title='bbox 421 2887 519 2934; x_wconf 73' lang='lat' dir='ltr'>barbara</span> <span class='ocrx_word' id='word_1_216' title='bbox 531 2888 599 2936; x_wconf 84' lang='lat' dir='ltr'>turba</span> <span class='ocrx_word' id='word_1_217' title='bbox 610 2891 695 2936; x_wconf 87' lang='lat' dir='ltr'>comis.</span> 
     </span>
     <span class='ocr_line' id='line_1_32' title="bbox 186 2961 949 3036; baseline 0.012 -22"><span class='ocrx_word' id='word_1_218' title='bbox 186 2965 217 3014; x_wconf 82' lang='lat' dir='ltr'>Et</span> <span class='ocrx_word' id='word_1_219' title='bbox 235 2961 311 3012; x_wconf 79' lang='lat' dir='ltr'>modu</span> <span class='ocrx_word' id='word_1_220' title='bbox 321 2997 329 3021; x_wconf 91' lang='lat'>‚</span> <span class='ocrx_word' id='word_1_221' title='bbox 341 2963 388 3026; x_wconf 77' lang='lat' dir='ltr'>qul</span> <span class='ocrx_word' id='word_1_222' title='bbox 401 2979 512 3026; x_wconf 71' lang='lat' dir='ltr'>poterut,</span> <span class='ocrx_word' id='word_1_223' title='bbox 528 2964 629 3030; x_wconf 83' lang='lat' dir='ltr'>longum</span> <span class='ocrx_word' id='word_1_224' title='bbox 640 2966 756 3032; x_wconf 65' lang='lat' dir='ltr'>speilabat</span> <span class='ocrx_word' id='word_1_225' title='bbox 766 2968 792 3017; x_wconf 90' lang='lat' dir='ltr'>in</span> <span class='ocrx_word' id='word_1_226' title='bbox 803 2984 884 3036; x_wconf 77' lang='lat' dir='ltr'>aequot</span> <span class='ocrx_word' id='word_1_227' title='bbox 895 2979 949 3023; x_wconf 86' lang='lat'>:595</span> 
     </span>
     <span class='ocr_line' id='line_1_33' title="bbox 221 3041 715 3108; baseline 0.016 -21"><span class='ocrx_word' id='word_1_228' title='bbox 221 3041 290 3088; x_wconf 72' lang='lat' dir='ltr'>Nunc</span> <span class='ocrx_word' id='word_1_229' title='bbox 309 3044 334 3088; x_wconf 93' lang='lat' dir='ltr'>in</span> <span class='ocrx_word' id='word_1_230' title='bbox 351 3043 447 3090; x_wconf 83' lang='lat' dir='ltr'>arenosa</span> <span class='ocrx_word' id='word_1_231' title='bbox 463 3041 518 3092; x_wconf 74' lang='lat' dir='ltr'>lall&#39;a</span> <span class='ocrx_word' id='word_1_232' title='bbox 528 3047 621 3108; x_wconf 77' lang='lat' dir='ltr'>J&#39;acebat</span> <span class='ocrx_word' id='word_1_233' title='bbox 632 3048 715 3096; x_wconf 85' lang='lat' dir='ltr'>humo.</span> 
     </span>
     <span class='ocr_line' id='line_1_34' title="bbox 187 3111 848 3183; baseline 0.011 -14"><span class='ocrx_word' id='word_1_234' title='bbox 187 3117 279 3169; x_wconf 67' lang='lat' dir='ltr'>Perside</span> <span class='ocrx_word' id='word_1_235' title='bbox 292 3119 453 3183; x_wconf 81' lang='lat' dir='ltr'>Demophoon</span> <span class='ocrx_word' id='word_1_236' title='bbox 467 3155 474 3178; x_wconf 88' lang='lat'><strong><em>,</em></strong></span> <span class='ocrx_word' id='word_1_237' title='bbox 491 3120 571 3170; x_wconf 83' lang='lat' dir='ltr'>surdas</span> <span class='ocrx_word' id='word_1_238' title='bbox 586 3122 706 3173; x_wconf 78' lang='lat' dir='ltr'>clamabat</span> <span class='ocrx_word' id='word_1_239' title='bbox 720 3123 751 3174; x_wconf 80' lang='lat' dir='ltr'>ad</span> <span class='ocrx_word' id='word_1_240' title='bbox 762 3111 848 3175; x_wconf 76' lang='lat' dir='ltr'>undas:</span> 
     </span>
    </p>
   </div>
   <div class='ocr_carea' id='block_1_3' title="bbox 220 3195 790 3344">
    <p class='ocr_par' dir='ltr' id='par_1_3' title="bbox 220 3195 790 3344">
     <span class='ocr_line' id='line_1_35' title="bbox 220 3195 790 3264; baseline 0.002 -18"><span class='ocrx_word' id='word_1_241' title='bbox 220 3198 344 3263; x_wconf 79' lang='lat' dir='ltr'>Ruptaque</span> <span class='ocrx_word' id='word_1_242' title='bbox 355 3197 462 3264; x_wconf 81' lang='lat' dir='ltr'>singultu</span> <span class='ocrx_word' id='word_1_243' title='bbox 471 3199 542 3252; x_wconf 80' lang='lat' dir='ltr'>verba</span> <span class='ocrx_word' id='word_1_244' title='bbox 549 3195 654 3257; x_wconf 80' lang='lat' dir='ltr'>dolentis</span> <span class='ocrx_word' id='word_1_245' title='bbox 665 3217 741 3252; x_wconf 81' lang='lat' dir='ltr'>erant.</span> <span class='ocrx_word' id='word_1_246' title='bbox 788 3243 790 3247; x_wconf 80' lang='grc'>,</span> 
     </span>
     <span class='ocr_line' id='line_1_36' title="bbox 715 3277 777 3344; baseline -0.065 -15"><span class='ocrx_word' id='word_1_247' title='bbox 715 3277 740 3329; x_wconf 88' lang='grc' dir='ltr'><strong>Ν</strong></span> <span class='ocrx_word' id='word_1_248' title='bbox 752 3281 777 3344; x_wconf 87' lang='lat' dir='ltr'>iij</span> 
     </span>
    </p>
   </div>
   <div class='ocr_carea' id='block_1_4' title="bbox 0 0 1188 3992">
    <p class='ocr_par' dir='ltr' id='par_1_4' title="bbox 0 0 1188 3992">
     <span class='ocr_line' id='line_1_37' title="bbox 0 0 1188 3992; baseline 0 2"><span class='ocrx_word' id='word_1_249' title='bbox 0 0 1188 3992; x_wconf 95' lang='lat' dir='ltr'> </span> 
     </span>
    </p>
   </div>
  </div>
 </body>
</html>
