2367 3992
260 498 620 565 MsurcAnruA
636 494 840 564 FAcrnr.
859 517 921 584 303

212 617 257 668 Par
274 621 323 668 ervi
335 620 444 668 mensura
457 616 541 667 decem
554 615 668 666 madefiat
679 618 708 665 ab
719 619 786 668 ovis:
947 623 975 668 55

244 694 429 747 Sedcumtdent
442 696 513 745 libras
523 694 614 745 hordea
627 692 691 744 nuda
706 691 773 744 duas.

210 770 268 822 Haec
286 777 326 823 ubi
339 777 447 825 ventosas
466 775 556 824 fuerint
570 777 656 824 siccata
666 791 707 839 per
721 791 807 833 aurass

244 851 318 902 Lenta
329 856 384 918 jube
399 853 480 902 scabri
491 854 585 918 frangat
599 852 670 902 aseiia
681 851 756 901 moisi.

209 927 260 990 Et,
280 949 332 997 quae
348 937 425 998 prima
442 930 531 982 cadunt
545 936 623 982 vivaci
638 948 728 981 cornua
740 947 829 992 cervo,

244 1009 349 1061 Contere
358 1031 364 1060 t
373 1015 399 1061 in
412 1014 462 1061 haec
473 1011 543 1061 solidi
554 1013 618 1061 sexta
629 1011 681 1060 face
694 1013 750 1059 assis
760 1023 808 1058 eat.

208 1087 309 1155 Jamque
324 1091 364 1139 ubi
375 1091 491 1156 puivereae
503 1090 590 1139 fuerint
602 1087 701 1138 confusa
712 1087 811 1147 fariuae,

243 1168 354 1216 Protinus
370 1171 395 1216 in
410 1169 492 1215 cribris
509 1169 591 1215 omnia
602 1182 670 1214 cerne
682 1169 755 1213 cavis.

208 1241 294 1308 Adjicc
309 1245 413 1294 Narcissi
425 1246 460 1293 bis
472 1246 510 1293 sex
519 1248 567 1292 sine
579 1247 667 1293 cortice
677 1243 780 1301 bulbos,

244 1323 343 1372 Strenua
353 1340 414 1390 quos
427 1339 488 1388 puro
497 1339 617 1371 marmore
627 1320 709 1371 dextra
720 1335 795 1370 terat:

184 1406 189 1413 ’
209 1400 393 1465 Sextantemque
409 1404 487 1451 trahat
501 1404 594 1466 gummi
610 1416 665 1449 cum
683 1401 771 1447 semine
790 1399 896 1447 Thusco.

242 1477 295 1526 Huc
315 1481 396 1527 novies
413 1495 480 1528 tanto
492 1479 544 1544 pius
556 1481 600 1528 tibi
618 1476 697 1526 mellis
709 1491 756 1525 eat.

208 1553 372 1621 Quacumque
388 1555 475 1606 afficiet
485 1558 527 1606 tali
537 1555 696 1606 medicamine
708 1554 821 1616 vultum,

241 1632 352 1698 Fulgebit
366 1636 462 1700 speculo
480 1636 563 1686 laevior
580 1628 629 1700 ipss
643 1638 694 1684 suo.

208 1709 260 1760 Nec
281 1726 306 1758 tu
318 1712 433 1777 pallentes
450 1711 532 1761 dubita
547 1727 633 1762 terrere
646 1712 760 1777 lupinos,

242 1787 273 1836 Et
284 1789 355 1836 simui
374 1788 483 1838 inflantes
499 1806 601 1854 corpora
611 1789 671 1854 frige
686 1791 760 1839 fabas.

207 1864 317 1932 Utraque
328 1869 366 1915 sex
379 1869 499 1928 habeant,
510 1884 579 1933 aequo
590 1865 742 1922 discrimine,
753 1867 824 1916 libras
835 1884 842 1915 t

242 1942 349 2009 Utraque
365 1942 396 1993 da
406 1948 479 2009 nigris
490 1943 677 1994 comminuenda
687 1945 770 2014 molise

207 2019 260 2069 Nec
272 2019 361 2070 cerussa
375 2024 417 2070 tibi
430 2057 438 2081 ‚
457 2040 502 2071 nec
511 2025 568 2071 nitri
579 2025 662 2087 spuma
670 2025 776 2072 rubentis

241 2099 327 2159 Desit,
346 2104 370 2148 &
384 2100 480 2162 illyrici
492 2117 544 2165 quae
551 2105 618 2150 venit
627 2104 666 2150 iris
676 2104 761 2150 humo.

209 2177 249 2227 Da
263 2177 349 2228 validis
358 2182 471 2244 juvenum
481 2183 568 2244 pariter
579 2177 709 2245 subigenda
723 2178 832 2228 lacertis:

241 2254 286 2304 Sed
296 2258 383 2322 justum
394 2260 455 2307 tritis
469 2260 540 2312 uncia
549 2256 644 2324 pondus
654 2261 708 2308 erit.

206 2331 295 2383 Addita
309 2334 338 2384 de
349 2336 449 2402 querulo
460 2337 588 2387 volucrum
598 2335 757 2386 medicamina
767 2335 827 2386 nido

241 2411 288 2460 Ore
304 2412 389 2479 sugant
398 2415 519 2464 maculas:
531 2415 670 2477 Halcyonsa
678 2431 776 2465 vocant.

208 2487 332 2550 Pondere,
351 2495 370 2539 si
386 2496 486 2557 quaeris,
498 2489 547 2557 qub
555 2493 600 2540 sim
610 2507 735 2541 contentus
745 2495 771 2539 in
783 2492 850 2549 illis;

241 2567 315 2626 Quod
325 2571 396 2617 trahit
406 2571 431 2618 in
441 2584 518 2633 partes
529 2573 599 2618 uncia
611 2572 674 2619 sexta
684 2568 751 2618 duas.

206 2644 243 2694 Ut
252 2651 353 2700 co‘e'ant,
365 2645 464 2712 aptique
476 2647 520 2694 iiui
531 2664 573 2712 per
588 2664 690 2712 corpora
702 2650 809 2711 possint,

240 2720 324 2786 Adjicc
342 2721 371 2771 de
382 2722 449 2773 flavis
461 2725 540 2773 Attica
550 2725 624 2774 mella
634 2725 702 2774 favis.

207 2801 323 2862 Quamvis
333 2815 385 2849 tura
400 2802 466 2851 Deos
476 2805 583 2868 irataque
594 2806 693 2852 numina
701 2803 795 2868 placent
805 2819 814 2861 3

239 2878 298 2928 Non
312 2893 392 2928 tamen
402 2884 509 2937 accensis?
518 2885 601 2931 omnia
618 2879 696 2931 danda
706 2881 776 2932 focis.

206 2957 256 3008 Tus
270 2959 310 3005 ubi
328 2959 448 3007 miscueris
463 2957 555 3009 radenti
566 2961 648 3009 tubera
657 2962 736 3019 nitro;

240 3034 387 3085 Ponderibus
403 3037 467 3100 Justis
484 3037 521 3086 fac
535 3041 566 3087 sit
576 3041 696 3104 utrimque
710 3040 791 3088 triens.

207 3113 276 3162 Parte
287 3118 364 3163 minus
374 3114 458 3180 quarti
470 3113 594 3181 dereptum
602 3120 692 3167 cortice
702 3120 810 3182 gummi,

239 3190 271 3240 Et
283 3191 408 3244 modicum
420 3209 432 3242 e
445 3195 547 3258 myrrhis
560 3195 688 3261 pinguibus
699 3191 760 3245 adde
773 3194 871 3247 cubum.
