2367 3992
289 450 314 512 4
400 423 444 492 P.
473 422 649 489 Ovrnrr
674 421 887 487 Nasonis

289 543 382 603 Fallar3
401 547 426 592 bc
437 546 483 592 hoc
499 547 588 591 crimen
599 558 678 590 tenues
687 544 796 591 vanescat
807 546 832 590 in
843 557 922 590 auras:

241 621 272 669 ao
322 622 406 680 Neve,
424 617 557 673 revertendi
569 620 640 672 liber,
655 616 731 667 abesse
741 619 809 666 velis.

288 698 331 747 Me
350 712 416 761 pater
427 698 513 744 lcarius
524 692 599 743 viduo
610 691 729 742 discedere
741 693 801 741 lesio

322 771 415 836 Cogit,
430 775 457 819 hc
471 771 598 818 immensas
611 769 800 833 increpatusque
812 784 900 816 moras.

288 851 398 913 Increpet
417 849 489 913 usque
505 845 576 893 licet:
588 860 629 894 tua
641 848 704 898 sum,
717 860 756 892 tua
770 842 835 893 dicar
844 858 950 912 oportet.

323 925 440 989 Penelope
458 927 546 987 conjux
561 924 652 985 semper
666 920 758 984 Ulyssis
769 938 818 970 ero.

242 1011 271 1072 85
290 1002 334 1051 llle
351 1016 431 1050 tamen
446 1001 533 1063 pietate
551 1014 605 1045 mea
615 999 770 1063 precibusque
785 995 878 1063 pudicis

323 1077 462 1139 Frangitur,
478 1077 502 1121 δι
517 1075 577 1122 vires
591 1087 707 1136 temperat
721 1075 769 1136 ipse
781 1074 841 1120 suas.

290 1153 399 1204 Dulichii
414 1154 549 1216 Samiique,
562 1155 586 1199 sic
604 1166 663 1215 quos
675 1149 730 1200 tulit
742 1149 791 1198 alta
801 1150 952 1211 Zacynthos,

324 1231 407 1281 Turba
423 1244 496 1280 ruunt
511 1233 537 1277 in
552 1245 591 1276 me
607 1228 742 1286 luxuriosa,
755 1231 838 1292 proci:

246 1325 250 1331 '
291 1311 367 1375 Inque
386 1324 426 1356 tua
438 1322 551 1371 regnant,
568 1305 641 1354 nullis
656 1307 851 1369 prohibentibus,
864 1304 928 1354 aula.

243 1414 276 1459 90
325 1387 422 1435 Viscera
434 1384 529 1442 nostra,
547 1398 594 1431 tuae
607 1381 751 1430 dilaniantur
764 1399 830 1446 opes.

294 1456 1012 1524 QuidtibiPisandrumd’olybumque,Medontaquedirum,

327 1539 517 1600 Eurymachique
530 1532 629 1593 avidas,
641 1538 787 1601 Antinoique
800 1553 884 1586 manus
891 1571 900 1597 ‚

294 1619 373 1682 Atque
387 1614 447 1663 alios
465 1613 583 1672 referam,
600 1629 660 1678 quos
674 1630 758 1662 omnes
771 1619 869 1680 turpiter
883 1619 965 1667 absens

329 1693 379 1758 lpse
396 1706 438 1738 tuo
448 1693 521 1754 partis
533 1691 646 1753 sanguine
664 1690 732 1738 rebus
742 1692 802 1740 alisi

246 1785 276 1832 95
296 1772 448 1833 remegeris,
465 1767 604 1832 pecorisque
619 1768 765 1817 Melanthius
786 1775 867 1821 auctor
878 1770 980 1830 edendi.

230 1862 231 1867 ¹
329 1846 435 1899 Ultimus
449 1840 566 1901 accedunt
577 1846 602 1890 in
614 1859 653 1893 tua
664 1843 751 1895 damna
764 1846 851 1911 pudor.

297 1928 356 1976 Tres
370 1927 449 1975 sumus
460 1921 569 1973 imbelles
581 1939 696 1983 numer03
710 1929 759 1973 sine
770 1929 939 1992 viribusuxor‚

330 2001 471 2064 La'e'rtesque
487 1998 573 2056 senex,
591 1998 794 2067 Telemachusque
810 2021 877 2067 puer.

297 2079 342 2128 Ille
356 2095 396 2142 per
410 2074 507 2125 insidias
519 2093 586 2140 paene
597 2078 630 2126 est
640 2082 699 2127 mihi
711 2098 786 2146 nuper
793 2082 917 2144 ademtus,

253 2171 298 2205 roo
331 2153 398 2202 Dum
415 2166 499 2217 parat,
515 2154 596 2201 invitis
612 2157 741 2214 omnibus,
755 2161 788 2205 ire
800 2160 885 2220 Pylon.

299 2228 334 2281 Di
349 2245 433 2294 precor
444 2229 490 2276 hoc
501 2227 616 2291 jubeant,
631 2244 672 2283 ut,
694 2236 803 2282 euntibus
815 2234 899 2284 ordine
909 2238 963 2289 fatis
974 2275 983 2301 ,

332 2308 376 2356 Ille
388 2322 453 2354 meos
465 2304 549 2353 oculos
560 2309 720 2370 comprimat,
739 2309 781 2358 ille
792 2326 853 2360 tuos.

301 2383 355 2434 llo:
367 2381 458 2430 faciunt
476 2378 599 2444 custosque
612 2383 701 2438 boum,
720 2381 874 2451 longaevaque
887 2392 987 2443 nutrix:
1043 2398 1046 2405 “

335 2461 447 2517 Tertius,
462 2453 593 2506 immunde
604 2473 659 2505 cura
672 2457 748 2507 fidelis
759 2464 829 2510 harae.

259 2534 351 2600 toySed
361 2550 439 2600 neque
451 2534 544 2582 La'e‘rtes
554 2567 563 2587 ‚
580 2547 607 2580 ut
617 2537 658 2598 qui
670 2537 700 2582 sit
709 2537 800 2586 inutilis
811 2542 900 2600 armis,

337 2607 450 2658 Hostibus
460 2610 484 2653 in
496 2603 581 2654 mediis
590 2622 662 2675 regna
673 2621 751 2657 tenere
767 2611 839 2661 valet.

305 2681 457 2745 Telemachq
472 2681 569 2748 veniet(
581 2683 647 2738 vivat
658 2682 754 2752 modo)
769 2687 855 2746 sortior
870 2707 942 2745 aetas:

338 2760 410 2810 Nunc
425 2775 475 2810 erat
489 2760 582 2814 auxiliis
591 2761 635 2810 illa
646 2763 733 2815 tuenda
744 2772 826 2831 patris.

307 2835 359 2887 Nec
370 2840 431 2893 mibi
441 2841 495 2886 sunt
510 2841 571 2886 vires
582 2841 694 2889 inimicos
703 2844 791 2906 pellere
803 2849 876 2896 tediis.

261 2915 307 2950 ¹¹0
340 2912 379 2960 Tu
392 2912 461 2960 citils
479 2915 574 2966 venias,
592 2920 711 2975 portus&
727 2935 767 2968 ara
782 2925 837 2970 tuis,

309 2991 349 3055 Est
365 2993 427 3050 tibi,
441 2990 538 3056 (sitque
549 3007 632 3054 precor
647 2992 656 3058 )
670 3008 753 3056 natus,
765 3004 808 3071 qui
820 3003 934 3056 mollibus
945 3010 1010 3062 mi„

342 3071 369 3127 Iu
380 3073 466 3142 patrias
477 3085 536 3120 artes
548 3066 689 3119 erudiendus
700 3089 757 3126 erat.
