2367 3992
214 550 217 556 .
297 488 569 558 Remota
597 488 822 561 Auente.
861 518 926 581 291

215 608 290 671 Quod
305 628 355 660 non
370 628 392 660 es
405 646 413 670 ,
428 611 514 660 simula
526 629 533 670 ;
548 615 686 679 positosque
699 616 793 663 imitare
804 613 912 667 furores:

246 691 284 739 Sic
300 691 370 740 faties
380 689 449 751 vere,
468 689 534 757 quod
548 690 677 740 meditatus
689 696 741 740 eris.

213 768 279 832 Sepe
295 784 340 832 ego
357 784 387 818 ne
400 771 522 829 biberem,
540 763 608 818 volui
620 767 725 818 dormire
738 769 831 820 videri:

244 845 312 895 Dum
322 845 421 907 videor,
437 848 522 896 somno
534 848 625 897 lumina
633 850 696 897 vista
705 846 770 897 dedi.

210 919 348 987 Deceptum
367 928 427 984 risi,
444 928 519 990 quise
534 926 662 975 simulabat
673 942 769 986 amare,

243 1000 271 1049 ln
282 1001 379 1068 laqueos
391 1020 475 1069 auceps
490 1001 658 1069 decideratque
668 1005 732 1052 suos.

209 1077 287 1130 Intrat
300 1097 369 1130 amor
384 1096 476 1131 mentes
487 1083 529 1130 usu
543 1079 692 1130 tdediscitur
706 1083 759 1129 usu.

243 1156 292 1218 Qui
309 1162 398 1223 poterit
407 1160 490 1207 sanum
501 1157 610 1222 fingere,
626 1160 694 1207 sanus
709 1162 762 1207 erit.

207 1233 320 1289 Dixerit,
338 1251 365 1284 ut
374 1240 455 1285 venias
469 1235 536 1301 palii
547 1237 591 1285 tibi
608 1238 692 1293 nobie,
710 1238 802 1285 venito.

242 1315 360 1373 Veneris,
373 1318 397 1363 ὅ(
413 1314 485 1363 suerit
498 1317 569 1378 janua
579 1313 674 1369 clausa,
690 1311 760 1361 feras.

208 1390 262 1442 Nec
280 1391 320 1441 dic
333 1390 459 1442 blanditias
471 1428 480 1452 ,
491 1409 535 1442 nec
548 1392 586 1441 fac
598 1394 707 1440 convicia
717 1390 796 1454 poili,

241 1471 295 1520 Nec
312 1471 373 1519 latus
385 1469 481 1521 induro
496 1471 579 1519 limine
588 1487 652 1535 pone
664 1484 742 1518 tuum.

205 1547 301 1599 Postera
313 1551 353 1599 lut
363 1549 455 1608 aderit3
473 1564 568 1599 careant
585 1563 626 1597 tua
635 1549 707 1597 verba
719 1547 837 1613 querelis:

239 1627 270 1676 Et
283 1624 351 1676 nulla'
360 1631 385 1677 in
402 1628 471 1679 vultu
482 1616 548 1692 signa
559 1624 663 1676 dolentis
673 1627 744 1675 habe.

204 1707 258 1755 lam
276 1722 349 1771 ponet
359 1707 429 1755 fastus
439 1741 447 1765 ,
459 1704 515 1754 clun
526 1719 548 1752 te
564 1705 674 1767 languere
684 1703 776 1753 videbit
787 1720 796 1761 3

238 1785 293 1834 Hoc
305 1788 378 1832 etiam
388 1783 468 1831 nostrl
480 1797 566 1830 munus
577 1783 607 1829 ab
617 1795 667 1828 arte
677 1780 745 1828 feres.

234 1943 367 2007 Propositis
381 1940 453 1990 frenis
468 1941 528 2004 sape
541 1952 657 2002 repugnat
674 1953 756 2002 equus.

202 2019 302 2068 Utilitas
321 2019 405 2078 lateat,
426 2015 493 2084 quod
506 2032 556 2066 non
571 2014 726 2081 profitebere,
744 2014 801 2064 fiet:

236 2098 296 2158 Qua
315 2101 386 2146 nimis
402 2110 515 2162 apparent
528 2097 604 2150 retia,
623 2096 684 2144 vitat
694 2097 752 2143 avis.

203 2174 241 2224 Ne
252 2177 297 2224 sibi
308 2191 357 2224 tam
367 2175 477 2240 placeat,
489 2171 538 2238 quo
551 2188 573 2222 te
584 2187 737 2221 contemnere
748 2174 839 2236 possit,

234 2257 305 2304 Sumo
317 2257 409 2304 animos
421 2271 427 2301 ι
440 2255 524 2301 animis
536 2249 604 2300 cedat
616 2251 694 2299 utilla
704 2252 759 2299 tuis.

199 2332 276 2381 ianua
296 2331 358 2382 forte
369 2345 447 2397 patet,
462 2333 570 2398 quamvis
584 2330 743 2388 revocabere,
761 2331 842 2378 transi.

233 2412 273 2460 Est
284 2409 338 2460 data
353 2428 418 2469 nox,
435 2407 518 2459 dubita
534 2411 603 2458 noete
612 2411 693 2457 venire
703 2404 768 2457 datai.

197 2487 268 2540 Polle
288 2484 338 2554 pati
356 2489 425 2539 facile
439 2487 487 2546 est3
505 2488 550 2536 tibi
566 2501 596 2535 ne
606 2487 720 2548 sapientia
731 2482 801 2534 desit.

231 2565 379 2617 Promtitlse
402 2565 466 2614 facili
484 2561 569 2629 gaudia
584 2562 645 2611 ferre
661 2562 726 2611 licet.

196 2646 228 2697 Et
248 2649 374 2713 quisquam
388 2656 504 2708 praecepta
522 2641 599 2707 potest
612 2657 665 2690 mea
684 2638 742 2689 dura
758 2646 865 2692 vocare?

226 2725 267 2780 En
280 2726 351 2771 etiam
361 2737 439 2786 partes
450 2721 601 2769 conciliantis
612 2735 668 2784 ago.

194 2798 273 2855 Nam,
285 2802 400 2865 quoniam
410 2802 502 2850 variant
513 2801 604 2856 animi,
614 2800 733 2846 variamus
743 2801 769 2848 bt
779 2814 854 2849 artes:
931 2816 958 2849 2·

227 2879 298 2931 Mille
309 2877 367 2927 mali
379 2879 465 2942 species
477 2912 485 2937 ‚
498 2877 566 2926 mille
576 2875 658 2925 salutis
668 2892 746 2925 erunt.
879 2866 882 2875 ¹

193 2958 306 3026 Corpora
315 2959 354 3007 vit
363 2956 426 3005 ferro
437 2953 547 3022 quedam
555 2956 667 3004 sanantur
674 2969 745 3005 acuto
755 2973 764 3006 t

226 3035 348 3086 Auxilium
362 3034 444 3083 multis
456 3035 536 3083 succus
551 3036 661 3082 &herba
674 3034 730 3084 fuit.

192 3115 296 3166 Mollior
307 3133 346 3175 es,
358 3130 401 3164 nec
412 3114 476 3163 abire
486 3126 565 3177 potes,
573 3115 712 3178 vinctusque
723 3117 827 3173 renerit5

224 3191 256 3242 Et
267 3204 307 3243 tua
315 3194 387 3246 sevus
397 3195 472 3245 Amor
481 3191 525 3244 sub
532 3188 592 3257 pede
600 3189 664 3242 colla
672 3194 775 3320 pennipt

786 3273 803 3336 u
