2367 3992
312 460 574 528 Hunorum.
603 459 675 529 Er.
698 407 778 532 XV.
857 471 916 549 69>
970 494 974 499 ·

186 579 215 631 Et
224 579 297 646 sepeli
307 580 419 643 lacrymis
431 581 524 646 perfusa
534 580 644 631 fidelibus
656 580 715 632 offa.

137 648 140 681 ¹
216 661 356 725 Scriptaque
370 663 418 708 sint
429 659 501 708 titulo
512 660 592 709 nostra
601 660 707 725 sepulcra
722 661 798 711 brevi.

186 735 253 785 Exsul
266 737 450 801 Hypermnestte
461 773 468 796 ,
479 741 582 802 pretium
599 743 692 804 pietatis
702 743 829 806 iniquum,

216 815 298 873 Quam
311 831 417 864 mortem
434 815 501 864 fratri
512 813 621 880 depulit,
631 819 682 882 ipsa
692 817 757 866 tulit.
909 828 954 872 ¹30

187 893 291 941 Scribere
297 893 367 958 plura
376 893 435 942 libet
444 911 451 952 3
460 891 501 942 sed
507 893 612 958 pondere
620 893 678 943 uffa
684 910 773 945 catena

215 969 246 1019 Et
255 987 359 1032 manus,
373 974 398 1020 &
408 974 468 1021 vires
482 973 598 1021 subtrahit
606 975 656 1038 ipse
667 976 749 1022 timor.

203 1073 878 1146 s-——wa-‘e—-w

327 1204 634 1266 EPISTOLA
682 1207 761 1268 XV.

345 1334 514 1401 Smno
555 1329 752 1404 Punou'l.

188 1418 244 1542 E
255 1510 380 1557 conto,
397 1511 425 1548 ut
434 1499 536 1563 inspecta
546 1497 579 1548 est
589 1497 696 1548 studiosae
708 1498 777 1549 litera
788 1497 891 1562 dextra,

217 1572 329 1622 Protinus
343 1576 375 1624 est
383 1576 458 1643 opulis
466 1579 563 1640 cognita
573 1577 652 1626 nostra
663 1580 724 1627 tuis?

187 1647 240 1710 An,
253 1655 301 1700 uisi
310 1651 403 1717 leglffes
414 1657 513 1703 aulioris
528 1658 628 1704 nomina
639 1657 760 1720 Sapphus,

217 1728 272 1778 Hoc
289 1730 360 1779 breve
368 1734 468 1781 nescires
479 1730 540 1783 unde
550 1735 642 1783 veniret
651 1736 728 1797 opus?

185 1805 293 1860 Forsitan
307 1813 351 1869 &,
367 1826 440 1876 quate
453 1827 507 1860 mea
522 1813 569 1862 siut
580 1810 686 1869 alterna,
699 1812 817 1877 requiras,
918 1827 930 1875 5

216 1884 335 1937 Carmina
344 1906 353 1952 ᾗ
363 1887 419 1941 edm
430 1888 509 1951 lyricis
517 1891 562 1936 sim
573 1891 649 1952 magis
656 1902 711 1951 apta
718 1883 807 1941 modis.

183 1961 287 2013 Flendus
295 1981 364 2022 amor
374 1983 441 2015 meus
448 1967 493 2015 est:
503 1966 594 2031 elegei'a
603 1963 683 2014 flebile
690 1981 796 2017 carmen.

137 2078 141 2087 .
216 2040 276 2090 Non
289 2042 348 2092 facit
354 2042 385 2093 ad
396 2044 512 2108 lacrymas
520 2047 625 2093 barbitos
636 2042 686 2091 ulla
695 2059 768 2090 meas.
839 2037 842 2041 ’

183 2115 247 2167 Utor
257 2135 302 2180 ut,
313 2120 526 2186 indomitisignem
534 2121 695 2170 exercentibus
704 2119 790 2180 Euris,

214 2198 311 2246 Fertilis
321 2204 424 2249 accensis
434 2202 548 2249 messibus
559 2198 626 2249 ardet
635 2215 699 2264 ager.
919 2232 948 2264 10

183 2271 246 2326 Arta
260 2275 344 2332 Phaon
353 2278 457 2327 celebrat
467 2275 557 2328 diversa
567 2274 710 2342 Typhoidos
719 2274 812 2325 AEtnae:

216 2352 260 2400 Me
270 2351 337 2402 calor
346 2354 441 2412 AEtnaeo
451 2373 501 2405 non
511 2359 591 2404 minor
601 2359 656 2420 igne
664 2357 756 2420 coquit.

185 2427 237 2476 Nec
248 2431 327 2489 mihi,
343 2429 462 2497 dispositis
472 2450 525 2499 quae
536 2438 634 2499 jungam
646 2435 751 2489 carmina
760 2433 854 2494 nervis,

147 2527 149 2535 λ
216 2507 367 2567 Proveniunt
376 2531 382 2558 ε
390 2528 470 2561 vacua:
478 2515 583 2560 carmina
594 2513 680 2560 mentis
689 2525 758 2573 opus.

185 2583 236 2634 Nec
247 2603 287 2634 me
300 2588 422 2653 Pyrriades
431 2588 653 2652 Methymniadesve
662 2585 764 2652 puelle,
920 2609 948 2660 15

214 2662 270 2714 Nec
281 2680 320 2712 me
331 2665 474 2725 Lesbiadum
480 2683 557 2717 cetera
564 2668 633 2719 turba
640 2670 731 2733 juvant,

185 2739 246 2789 Vilis
257 2742 400 2805 Αηιᾶοῐὶε,
412 2743 466 2794 vilis
477 2746 537 2801 mihi
545 2741 647 2792 candida
658 2742 680 2790 C
684 2738 762 2803 yduos

217 2819 277 2869 Non
287 2819 364 2870 oculis
373 2837 439 2887 grata
449 2823 482 2871 est
492 2823 585 2881 Atthis,
598 2837 624 2869 ut
634 2835 703 2878 ante,
713 2819 772 2866 meis
781 2833 790 2875 3

186 2897 263 2963 Atque
275 2897 327 2948 alite
339 2915 450 2960 centum,
466 2918 523 2967 quas
536 2917 586 2949 uon
596 2903 644 2947 sine
656 2899 754 2947 crimine
764 2896 856 2950 amavlt

217 2975 347 3041 Improbe,
365 2978 495 3028 multarum
506 2977 573 3044 quod
583 2977 646 3034 fuit,
662 2993 721 3025 unus
731 2975 813 3030 habes.
918 2994 949 3030 ιο

187 3049 225 3102 Est
240 3057 268 3103 in
280 3069 303 3103 te
314 3055 400 3119 facies,
414 3057 467 3105 sunt
478 3059 525 3120 apti
536 3055 625 3106 lusibus
635 3058 699 3105 anui.

217 3130 241 3179 0
253 3131 329 3183 iacies
341 3133 418 3184 oculis
430 3131 544 3188 insidiosa
555 3133 629 3189 rucis!

401 3326 428 3439 l
