2367 3992
267 448 309 506 16
368 441 412 508 P.
438 444 625 511 Ovrnrr
646 450 867 515 NAsorurs

294 561 399 627 Quaeque
412 564 454 612 sub
465 562 530 614 ldaeo
543 582 654 631 tympana
669 568 731 616 colle
743 585 858 618 movent:

260 639 309 689 Aut
322 658 379 705 quas
392 640 500 692 semideae
511 642 629 705 Driades,
649 647 769 713 Faunique
782 648 904 727 bicornes,

214 720 244 766 50
294 718 399 768 Numine
417 724 534 769 contactas
547 737 670 772 attonuere
680 726 731 772 suo.

260 793 372 862 Namque
389 800 449 846 mihi
460 798 578 859 referunt,
592 817 647 848 cum
659 803 681 848 se
694 800 759 850 furor
769 801 810 851 ille
821 803 935 862 remisit,

293 873 382 922 Omnia
394 893 400 922 ι
414 892 452 923 me
463 880 559 925 tacitam
571 880 679 926 conscius
694 883 741 927 urit
753 896 830 928 amor.
933 872 935 875 ⁵

260 951 368 1000 Forsitan
378 954 440 1000 hunc
451 957 541 1018 generis
554 955 605 1003 fato
613 953 740 1005 reddamus
754 974 879 1016 amorem3

293 1028 323 1077 Et
332 1028 413 1077 Venus
424 1048 436 1078 e
449 1030 501 1081 toti
512 1048 581 1097 gente
594 1035 681 1082 tributa
690 1050 765 1099 petat.

214 1131 240 1179 55
260 1106 366 1170 luppiter
380 1107 509 1176 Europen(
518 1114 595 1175 prima
605 1111 637 1159 est
648 1128 674 1159 ea
684 1115 760 1177 gentis
771 1113 855 1180 origo)

292 1183 400 1247 Dilexit,
415 1200 483 1236 tauro
495 1185 658 1237 dissimulante
667 1190 755 1239 Deum.

259 1262 373 1328 Pasiphae
383 1281 460 1315 mater
471 1301 479 1325 ,
495 1264 597 1332 decepto
608 1267 702 1317 subdita
713 1285 798 1330 tauro,

292 1342 367 1391 Enixa
383 1343 415 1392 est
427 1360 494 1393 utero
507 1347 597 1393 crimen
612 1347 718 1411 onusque
729 1347 780 1394 suo.

260 1418 365 1469 Perfidus
381 1419 491 1486 AEgides,
505 1420 616 1471 ducentia
633 1421 674 1471 fila
689 1425 799 1482 secutus,

213 1513 244 1552 σο
293 1497 374 1549 Curva
390 1517 448 1548 meae
461 1499 522 1565 fugit
534 1503 593 1548 tecta
604 1499 689 1549 sororis
703 1519 759 1565 ope.
923 1565 926 1571 ,

260 1575 297 1624 En
308 1593 353 1640 ego
364 1594 444 1636 nunc,
461 1593 490 1626 ne
502 1577 563 1626 forte
578 1594 662 1642 parurn
677 1580 773 1628 Minoia
785 1577 882 1640 credar,

293 1655 321 1702 ln
335 1657 408 1703 socias
423 1656 500 1720 leges,
519 1655 604 1705 ultima
617 1659 710 1721 gentis,
725 1674 762 1706 eo.

260 1731 314 1781 Hoc
326 1748 422 1798 quoque
437 1728 507 1781 fatale
519 1733 551 1782 est
559 1752 565 1781 ε
574 1734 664 1798 placuit
674 1731 760 1783 domus
769 1751 815 1782 una
826 1733 927 1784 duabus.

293 1811 335 1860 Me
347 1826 387 1860 tua
398 1808 476 1859 forma
487 1815 567 1876 capit,
582 1827 650 1876 capta
659 1828 755 1877 parente
770 1813 845 1860 soror.

214 1893 242 1946 65
261 1888 374 1939 Thesides
387 1891 536 1956 Theseusque
548 1888 605 1938 duas
617 1908 712 1955 rapuere
729 1891 835 1939 sorores:

293 1971 377 2018 Ponite
388 1968 417 2018 de
429 1969 507 2018 nostri
518 1971 573 2017 bina
582 1984 670 2033 tropaea
683 1967 766 2017 domo.

261 2049 396 2113 Tempore,
408 2065 457 2113 quo
469 2049 536 2095 vobis
551 2050 611 2095 inita
622 2047 654 2094 est
664 2045 769 2105 Cerealis
780 2042 895 2105 Eleusin,

293 2128 429 2176 Gnosiame
440 2126 526 2173 vellem
539 2121 674 2184 detinuillet
685 2127 779 2172 humus.

261 2206 330 2254 Tunc
340 2207 400 2253 mihi
410 2201 541 2268 praecipui(
550 2219 592 2250 nec
602 2219 651 2250 non
663 2218 742 2251 tamen
753 2199 823 2269 ante)
837 2201 961 2267 placebasz

213 2287 245 2334 70
294 2284 354 2333 Acer
365 2286 390 2330 in
400 2284 508 2331 extremis
521 2281 612 2329 ossibus
628 2283 695 2330 haesit
709 2297 785 2329 amor.

261 2359 372 2412 Candida
386 2361 454 2411 vestis
465 2374 529 2417 erat,
541 2361 661 2423 precincti
671 2358 729 2408 flore
743 2357 840 2422 capilli:

293 2440 364 2488 Flava
371 2425 517 2488 verecundus
529 2439 629 2485 tinxerat
641 2453 682 2485 ora
693 2437 773 2484 rubor.

261 2518 385 2584 Quemque
395 2531 483 2566 vocant
494 2515 546 2563 aliae
553 2515 649 2563 vultum
660 2512 812 2584 rigidumque
819 2525 974 2575 trucemque,

293 2598 338 2645 Pro
351 2592 445 2660 rigido,
458 2591 556 2641 Phaedri
567 2590 661 2657 judice,
675 2592 743 2640 fortis
755 2605 813 2639 erat.

212 2688 241 2734 75
260 2677 311 2724 Sint
320 2673 403 2739 procul
418 2672 515 2720 anobis
530 2675 643 2735 Juvenes,
663 2684 689 2717 ut
707 2669 811 2729 femina,
829 2669 917 2718 conati:

293 2753 350 2803 Fine
367 2750 415 2800 coli
429 2746 526 2797 modico
544 2747 622 2796 forma
636 2747 711 2798 virilis
721 2762 795 2796 amat.

260 2831 296 2880 Te
312 2845 364 2877 tuus
381 2829 422 2876 iste
432 2830 510 2891 rigor,
523 2828 642 2891 positique
654 2829 703 2874 sine
714 2840 762 2874 arte
778 2819 877 2892 capilli,

292 2907 324 2956 Et
335 2907 391 2954 levis
405 2907 500 2970 egregio
510 2903 587 2968 pulvis
598 2906 623 2950 in
633 2920 674 2953 ore
687 2901 764 2952 decet.

260 2987 313 3035 Sive
325 2984 410 3032 ferocis
422 2985 476 3046 equi
488 2981 599 3029 instantia
611 2980 675 3029 colla
686 2997 793 3031 recurvas
803 2999 811 3040 3

214 3077 244 3126 80
293 3063 385 3127 Exiguo
396 3060 467 3110 flexos
479 3063 553 3108 miror
563 3062 588 3106 in
602 3051 660 3107 orbe
670 3056 749 3123 pedes.

262 3143 308 3192 Seu
325 3140 417 3193 vastum
433 3136 515 3191 valido
527 3153 623 3203 torques
633 3137 716 3187 hastile
729 3136 817 3187 lacerto
822 3153 832 3195 3
