2367 3992
298 487 355 538 nr
374 466 490 539 Arra
509 467 702 540 Anium
723 474 761 542 L.
776 475 846 544 111.
876 501 940 567 271

258 591 324 657 Saepe
332 595 410 642 vicem
422 590 527 642 dominae
540 595 648 660 praestitit
657 596 699 644 illa
712 598 781 646 mihi.
885 624 889 631 ·

226 668 283 728 Quo
297 670 360 719 feror
375 675 487 721 insanus?
501 671 559 738 quid
570 689 653 739 aperto
662 677 756 739 pesiore
766 679 792 724 in
804 675 897 726 hostem

258 746 331 796 Nitor
342 766 350 808 3
367 753 391 797 ὁ(
400 749 491 800 indicio
503 750 592 815 prodor
603 753 633 800 ab
643 755 693 817 ipse
704 757 777 803 meoi

222 823 281 872 Nou
292 829 341 875 avis
352 829 480 893 aucupibus
492 829 625 890 monstrat,
638 831 686 896 qui
698 848 765 896 parte
776 847 885 898 pecatum
929 865 931 871 ι

255 901 313 952 Non
324 903 395 955 docet
406 906 500 957 infestas
508 923 601 959 currere
611 927 680 961 cerva
689 927 769 961 canes.

219 978 316 1032 Viderit
332 984 420 1033 utilitas
432 1004 439 1033 s
450 1003 566 1052 praecepta
576 986 680 1047 fideliter
689 987 769 1039 edam.

251 1060 372 1111 Lemniasi
386 1063 478 1128 gladios
494 1069 519 1115 in
530 1083 583 1116 mea
594 1067 643 1116 fata
653 1065 727 1118 dabo.

217 1136 329 1200 Efficite,
343 1146 368 1190 bc
383 1141 453 1190 facile
466 1143 514 1202 est,
531 1158 558 1192 ut
567 1160 611 1193 nos
622 1144 746 1195 credamus
760 1149 856 1208 amarir

249 1218 329 1268 Prona
339 1225 405 1269 venit
420 1220 511 1286 cupidis
521 1225 547 1271 in
559 1225 600 1272 sua
609 1238 667 1273 vota
680 1223 748 1274 fides.

214 1297 310 1362 Spesiet
321 1299 446 1349 amabilids
458 1305 568 1364 juvenem
576 1314 592 1361 ‚'‘
601 1303 700 1368 suspiret
711 1304 740 1352 ab
752 1305 804 1353 imo

247 1377 347 1426 Femina
357 1396 364 1436 ς
380 1392 429 1427 tam
441 1372 544 1429 serb'cur
554 1384 683 1446 veniatque
693 1396 771 1446 roget.

212 1451 337 1505 Accedant
348 1457 473 1519 lacryma,
490 1457 562 1508 dolor
574 1463 599 1509 bc
610 1458 640 1510 dc
651 1460 737 1525 pellice
746 1459 833 1521 licius-5

246 1531 278 1579 Et
290 1531 364 1582 laniet
377 1533 458 1600 digitis
474 1537 540 1585 illius
555 1554 598 1586 ora
613 1539 669 1588 suis.

209 1606 359 1660 Iamdudum
370 1602 490 1678 persuasus
502 1618 562 1674 erit3
573 1617 723 1666 miserabitur
734 1614 799 1668 ultro
810 1634 817 1666 t

242 1688 275 1737 Et
293 1688 370 1750 dicet,
383 1692 450 1742 Curi
460 1696 564 1756 carpitur
577 1694 620 1742 ista
631 1698 689 1744 mei.

208 1763 347 1831 Praecipui,
360 1772 379 1816 si
393 1770 470 1818 cultus
485 1773 544 1829 erit,
555 1771 700 1838 speculoque
709 1773 832 1837 placebit-3

242 1843 311 1894 Polle
330 1849 372 1894 suo
385 1850 451 1911 tangi
462 1845 543 1896 credet
552 1864 635 1897 amore
646 1849 719 1899 Deas.

207 1919 255 1971 Sed
270 1938 309 1978 re,
321 1940 478 1990 quaecumque
489 1942 513 1974 es
525 1961 533 1986 ‚
543 1925 666 1977 moderati
676 1930 763 1993 injuria
775 1928 854 1978 turbet
861 1945 870 1988 3

240 2001 294 2051 Neu
310 2007 340 2051 sis
351 2002 432 2053 auditi
443 2005 529 2069 pellice
540 2009 628 2055 mentis
637 2009 716 2071 inops.

205 2077 259 2128 Nec
276 2079 326 2130 citis
336 2080 479 2132 credideris:
491 2098 609 2149 quantum
616 2083 668 2134 εἰτὸ
681 2083 776 2135 credere
787 2082 875 2145 ladas,

238 2158 382 2225 Exemplum
397 2162 467 2212 vobis
477 2178 528 2211 non
538 2162 590 2212 leve
602 2163 695 2212 Procris
705 2166 759 2212 erit.

203 2235 245 2287 Est
256 2255 330 2304 prope
346 2257 475 2306 purpureos
487 2240 561 2290 colles
575 2239 682 2292 florentis
698 2242 809 2303 Hymetti
897 2269 899 2271 >

236 2317 299 2367 font
311 2321 373 2368 sacer
385 2356 393 2379 ‚
406 2324 430 2368 ὁ(
445 2319 517 2368 viridi
528 2321 616 2385 cespite
629 2319 711 2370 mollis
726 2321 822 2369 humus.

202 2396 267 2447 Silva
276 2414 359 2447 nemus
371 2415 421 2446 non
429 2399 476 2447 alta
487 2398 560 2447 facit:
570 2401 631 2462 tegit
641 2399 737 2448 arbutus
747 2399 861 2448 herbam:

235 2477 284 2524 Ros
295 2479 381 2531 maris,
394 2481 419 2525 δι
432 2477 509 2536 lauri,
520 2481 635 2542 nigraque
645 2490 751 2537 myrtus,
763 2476 840 2525 olent.

200 2551 253 2604 Nec
268 2552 346 2603 densae
360 2553 424 2602 soliis
435 2555 507 2613 buxi,
520 2554 662 2619 fragilesque
673 2557 788 2617 myricae,

231 2631 284 2681 Nec
297 2648 379 2681 tenues
390 2634 459 2693 cytisi
471 2667 479 2690 ,
493 2631 606 2698 cultaque
616 2635 684 2697 pinus
698 2633 771 2682 abest.

197 2710 303 2762 lenibus
316 2710 423 2774 impulsat
435 2708 565 2774 Zephyris,
579 2710 683 2776 aurique
695 2709 802 2769 salubri,

229 2791 281 2838 Tot
291 2805 404 2854 generum
415 2786 512 2837 frondes
523 2822 531 2847 ‚
546 2789 666 2854 herbaque
677 2789 784 2847 summa,
799 2803 912 2837 tremunt.

197 2869 272 2919 Grata
288 2870 354 2933 quies
365 2865 491 2931 Cephalo:
504 2866 600 2915 famulis
614 2867 759 2932 canibusque
769 2865 870 2929 tendis,
916 2873 961 2926 695

230 2944 310 2995 Laffus
323 2949 348 2994 in
356 2948 400 2994 hac
412 2949 502 3009 iuvenis
512 2948 571 3010 saepe
582 2943 669 2995 resedit
679 2948 763 2994 humo.

196 3025 299 3092 Quoque
315 3041 382 3073 meos
392 3023 557 3073 releves'aestus
570 3059 577 3083 ‚
589 3039 685 3074 cantare
697 3024 804 3086 solebat,
829 3031 830 3035 ’

229 3102 373 3168 Accipienda
387 3106 439 3151 sinu
451 3137 459 3160 ‚
476 3103 572 3151 mobilis
584 3105 664 3162 Aura,
676 3107 741 3152 veni.

193 3182 313 3249 conjugis
323 3180 354 3232 acl
368 3180 465 3232 timidas
476 3180 563 3248 sliquls
570 3179 635 3231 mali
641 3179 736 3233 sedulus
746 3195 815 3250 sures
852 3214 866 3244 ·.

741 3259 771 3309 M
788 3261 823 3309 iv‘
