2367 3992
274 494 342 553 116
389 484 887 553 P.Ovrn11NAs0urs
939 478 941 481 ’

270 608 360 657 Omnia
370 606 425 656 etim
437 607 537 665 faciam,
549 605 605 654 crim
616 603 672 654 dem
682 607 722 670 pia
733 620 785 653 tura
795 603 896 660 Dianae3

303 684 348 734 illa
359 699 439 734 tarnen
449 683 509 748 Justi
521 683 574 758 plus
586 684 630 732 tibi
642 697 706 748 parte
717 682 789 731 favet.

271 761 353 827 thue
366 765 431 827 cupis
444 759 525 820 credi,
543 765 646 809 memori
658 757 798 809 revindicat
808 757 861 808 irds

227 846 255 878 ¹0
304 840 370 890 Talis
383 843 408 888 in
422 839 556 904 Hippolyto
568 842 608 888 vix
620 838 666 887 fuit
676 837 719 886 illa
730 839 781 886 suo.

272 919 305 966 At
314 915 399 965 melitis
410 917 486 981 Virgo
497 912 591 965 favisset
602 917 700 980 virginis
711 917 794 974 annis,

305 993 371 1053 Quos
382 1009 466 1043 vereor
479 1010 567 1059 paucos
581 1010 611 1042 ne
621 994 681 1043 velit
694 990 740 1042 effe
754 995 825 1042 mihis

273 1070 384 1135 Languor
396 1074 476 1131 enim,
493 1074 567 1119 causis
576 1087 627 1120 non
638 1071 820 1136 apparentibus,
832 1071 924 1130 herets

306 1145 413 1212 Adjuvor
424 1153 448 1198 &
462 1147 529 1197 nulli
541 1145 600 1197 fella
611 1146 730 1197 medentis
739 1164 795 1212 ope.

228 1248 255 1296 ¹5
273 1223 352 1285 Quam
362 1227 405 1273 tibi
412 1240 475 1274 nunc
483 1225 598 1291 gracilem
605 1228 644 1275 vix
651 1228 702 1274 haec
709 1226 854 1284 rescribere,
865 1241 993 1290 quamque

233 1347 237 1356 ,
307 1300 400 1351 Pallida
408 1306 448 1353 vix
460 1303 542 1353 cubito
554 1304 662 1352 membra
671 1301 748 1353 levare
758 1337 767 1361 ,
778 1304 862 1366 putas?

275 1379 329 1430 Huc
340 1384 414 1430 timor
427 1379 535 1440 accedit,
546 1398 577 1430 ne
588 1384 641 1448 quis
651 1416 658 1440 ,
670 1382 715 1431 nisi
725 1381 821 1429 conscia
830 1382 926 1440 nutrix,

308 1457 437 1524 Colloquii
446 1459 515 1507 nobis
524 1460 609 1508 sentiat
620 1457 665 1507 elle
675 1462 747 1508 vices.

277 1537 339 1585 Ante
350 1537 412 1585 fores
419 1534 484 1585 sedet
494 1538 558 1584 hac:
567 1533 627 1601 quid
636 1551 752 1601 agamque
763 1534 902 1599 rogantibus
911 1535 996 1594 intus,

231 1633 262 1664 20
311 1613 346 1662 Ut
356 1616 445 1678 possim
459 1612 512 1662 turb
523 1614 641 1673 scribere,
654 1613 770 1672 Dormit,
781 1615 823 1660 ait.

278 1690 339 1739 Mox
350 1690 406 1745 ubi,
422 1692 504 1739 secreti
514 1688 585 1754 longi
596 1693 665 1739 causa
675 1694 782 1756 (spritus,
794 1691 891 1741 somnus
947 1693 952 1703 “

311 1766 441 1818 Credibilis
453 1766 521 1817 tardi
531 1766 618 1819 desinit
635 1767 681 1817 elle
693 1766 779 1828 mord,

278 1845 378 1910 Jamque
388 1849 469 1896 venire
476 1843 558 1906 videt,
571 1861 632 1912 quos
643 1862 693 1895 non
702 1842 829 1895 admittere
839 1842 927 1894 durum
937 1845 989 1903 est5

312 1923 438 1983 Exscreat,
450 1928 475 1974 bt
490 1923 543 1974 fieti
554 1921 596 1973 dar
605 1926 665 1973 mihi
676 1926 742 1988 signa
751 1923 827 1982 troti3

234 2015 262 2063 ²5
281 2001 347 2050 Sicut
359 2018 439 2063 eram,
457 2018 585 2067 properans
595 2002 668 2052 verba
677 2001 814 2067 imperfeiia
822 2001 933 2066 relinquo
944 2019 952 2049 e

314 2078 346 2127 Et
356 2081 442 2143 tegitur
451 2078 544 2144 trepido
557 2079 626 2130 litera
636 2094 705 2129 cauta
716 2082 778 2128 sinu.

282 2153 341 2205 Inde
350 2173 417 2205 meos
427 2155 517 2222 digitos
526 2162 614 2206 iterum
624 2161 724 2222 repetita
737 2157 837 2223 fatigat:

210 2272 211 2277 ,
315 2233 423 2293 Quantus
436 2238 466 2293 sis
476 2236 561 2297 nobis,
577 2236 661 2300 aspicis
675 2237 740 2300 ipse,
753 2233 830 2284 labor·

283 2309 353 2371 Qua,
364 2327 476 2376 peream,
489 2315 507 2359 si
519 2310 604 2376 dignus
615 2328 680 2370 eras,
693 2326 720 2360 ut
730 2327 785 2360 vera
796 2310 938 2376 loquamur:

237 2414 267 2460 ,ο
315 2385 362 2438 Sed
374 2388 461 2438 melior
475 2389 554 2454 justo,
573 2387 695 2454 ququue
711 2392 821 2449 mereris,
837 2406 892 2456 ego.

283 2467 365 2532 Ergo,
377 2481 400 2515 te
412 2481 524 2531 propter,
539 2470 610 2516 toties
620 2470 710 2516 incerta
721 2467 819 2526 salutis,

316 2543 469 2596 Commentis
481 2561 563 2610 poenas
574 2544 653 2611 doque
664 2541 767 2610 dedique
780 2548 845 2594 tuis?

284 2625 342 2674 Haec
353 2626 422 2674 nobis
438 2624 535 2683 formae,
552 2639 575 2673 re
592 2622 733 2684 laudatore,
745 2626 849 2690 superbae

317 2701 446 2768 Contingit
455 2706 560 2752 merces?
574 2706 598 2752 bt
610 2700 722 2767 placuille
731 2705 819 2752 nocet?

240 2796 266 2843 35
286 2779 310 2828 Si
321 2781 365 2831 tibi
381 2779 513 2840 deformis,
525 2778 593 2847 quod
603 2781 717 2835 mallem,
729 2783 779 2831 risa
790 2777 901 2839 fuissem,

319 2855 451 2920 Culpatum
466 2857 535 2907 nulls
546 2875 631 2922 corpus
639 2873 719 2923 egeret
728 2875 782 2923 ope.

287 2932 358 2984 Nunc
372 2932 468 2985 laudata
482 2951 553 2998 gemo
563 2950 688 2983 :nuncme
699 2939 828 2985 certamine
838 2936 915 2987 vestro
1009 2976 1012 2981 .
1035 2980 1037 2984 .

222 3045 225 3051 Δ
321 3010 438 3070 Proditis,
451 3015 474 3061 δι
491 3015 588 3077 proprio
598 3012 710 3061 vulneror
722 3015 772 3079 ipsa
781 3015 855 3062 bono.

289 3091 355 3142 Dum
369 3107 445 3158 neque
457 3105 483 3140 ru
493 3089 573 3149 cedis,
588 3108 633 3139 nec
644 3093 667 3140 se
678 3107 745 3156 putat
757 3093 798 3142 ille
809 3089 955 3155 secundum3

240 3184 273 3230 40
322 3171 361 3224 Tu
370 3173 433 3224 votis
443 3170 520 3221 obstas
530 3169 608 3233 illius,
619 3169 661 3222 ille
672 3172 727 3224 tuis.
