2367 3992
303 463 431 532 Lim
461 460 532 530 III.
559 458 726 529 Effe-124
759 461 828 532 III.
862 463 903 530 18
913 491 926 535 ε

248 587 280 637 Et
296 605 392 636 mecum
408 587 473 635 lusos
488 584 550 636 ridet
566 583 645 634 inulta
659 584 735 634 Deos.
950 580 983 614 2⁰

213 665 249 715 Ut
261 669 300 714 sua
310 683 351 731 per
362 665 465 714 nostram
479 664 581 714 redimat
591 667 693 731 perJuria
703 680 819 729 poenam,

246 747 351 794 Vieiima
362 743 473 808 deceptus
485 741 624 807 decipientis
635 746 694 790 ero?

210 824 261 874 Aut
278 828 361 872 sinere
375 839 464 871 nomen
474 821 539 869 Deus
550 822 596 881 est,
609 821 739 886 frustraque
754 822 853 868 timetur
859 835 868 878 3

246 902 279 950 Et
289 901 360 950 stulti
369 901 470 966 populos
481 898 622 949 credulitate
630 914 722 949 movet.

211 978 261 1030 Aut
272 1014 280 1038 ,
293 983 375 1045 siquis
386 980 450 1028 Deus
463 980 495 1028 est
506 1015 514 1039 ,
527 995 617 1028 teneras
628 993 693 1027 amat
703 975 745 1025 ilie
754 975 844 1042 puellas
855 993 864 1034 5
954 977 981 1024 25

244 1057 276 1105 Et
287 1056 393 1105 nimiiim.
401 1057 461 1106 solas
472 1060 554 1106 omnia
569 1054 634 1122 poffe
645 1057 720 1120 iubet.

210 1133 291 1184 Nobis
305 1134 402 1184 fatifero
414 1135 512 1183 Mavors
524 1137 654 1198 accingitur
665 1137 733 1182 ense:

244 1211 296 1260 Nos
309 1216 370 1277 petit
381 1212 469 1261 invista
481 1211 583 1260 Palladis
594 1212 657 1260 hasta
667 1229 749 1261 manu.

210 1287 288 1339 Nobis
297 1290 414 1340 flexibiles
422 1307 548 1339 curvantur
558 1291 682 1356 Apollinis
688 1307 753 1340 arcus
761 1308 769 1338 z

243 1369 272 1416 ln
288 1386 332 1417 nos
344 1369 392 1418 alta
402 1369 467 1418 Jovis
478 1367 573 1418 dextera
584 1369 677 1418 fulmen
687 1370 768 1417 habet.

209 1446 338 1496 Formosas
349 1451 431 1512 Superi
441 1462 552 1497 metuunt
562 1446 684 1496 offendere
698 1446 759 1495 laesi:

243 1524 323 1591 Atque
333 1526 414 1586 ultro,
431 1543 484 1592 quae
493 1529 515 1574 se
529 1543 579 1575 non
591 1529 707 1584 timuere,
721 1529 817 1575 timent.

209 1601 242 1651 Et
253 1607 378 1669 quisquam
392 1608 429 1669 pia
439 1620 491 1654 tura
502 1605 561 1654 focis
571 1596 696 1670 imponer‘e
707 1619 775 1655 curet
786 1608 795 1655 Ξ

243 1679 317 1730 Certi
328 1682 379 1747 plus
389 1687 463 1732 animi
477 1682 548 1733 debet
558 1683 631 1732 ineffe
641 1687 705 1732 viris.

208 1758 316 1824 luppiter
326 1765 380 1825 igne
391 1764 433 1811 suo
445 1761 511 1811 iocos
522 1762 638 1822 jaculatur
650 1767 674 1810 ὅ(
686 1779 749 1811 arces
759 1779 768 1820 ς

242 1836 362 1906 Missaque
376 1846 480 1906 perjuras
497 1839 545 1889 tela
562 1839 633 1887 ferire
646 1855 720 1888 vetat.

209 1914 261 1963 Tot
273 1934 379 1965 meruere
392 1922 440 1983 peti
454 1937 460 1965 t
473 1916 565 1966 Semele
575 1918 715 1966 miserabilis
727 1918 797 1967 arsit:

241 1992 330 2043 Officio
341 1996 373 2043 est
387 1996 424 2043 iili
434 2012 505 2059 poena
519 2010 610 2058 reperta
622 1997 672 2043 suo.

208 2071 242 2121 At
256 2076 274 2121 si
285 2090 388 2123 venturo
400 2076 422 2121 se
433 2071 579 2121 subduxisset
589 2076 697 2133 amanti,

242 2150 300 2199 Non
313 2167 380 2215 pater
391 2155 415 2199 in
428 2151 522 2200 Baccho
532 2155 614 2201 matris
625 2154 722 2202 haberet
731 2169 801 2202 onus.
945 2142 981 2188 4⁰

209 2226 275 2288 Quid
292 2234 394 2294 queror?
406 2234 430 2279 &
443 2234 488 2279 toti
500 2231 563 2279 facio
574 2234 683 2280 convicia
699 2233 781 2281 coelo?

241 2306 275 2355 Di
284 2325 381 2374 quoque
388 2311 476 2359 habent
485 2308 568 2359 oculos
578 2330 583 2359 :
595 2310 627 2358 Di
635 2327 732 2377 quoque
739 2314 818 2376 petius
829 2313 925 2362 habent.

208 2386 233 2435 si
248 2385 313 2435 Deus
324 2390 373 2451 ipse
384 2388 474 2448 forem3
492 2406 580 2437 numen
591 2393 641 2437 sine
653 2387 735 2438 fraude
747 2390 831 2438 liceret

195 2463 199 2470 ’
241 2466 340 2515 Femina
354 2467 463 2517 mendaci
475 2469 567 2516 falleret
578 2486 619 2517 ore
631 2485 722 2517 meum.
764 2452 776 2465 Ν

207 2541 260 2608 Ipse
271 2561 315 2608 ego
326 2548 426 2610 jurarem
438 2531 521 2597 veriim
531 2552 608 2612 Jurare
619 2547 725 2610 puellas;
749 2553 755 2565 '

241 2622 272 2671 Et
290 2640 339 2672 non
354 2623 383 2673 de
395 2629 483 2674 tetricis
495 2623 585 2673 dicerer
597 2621 643 2672 ess'e
653 2625 728 2673 Deus.

207 2699 247 2750 Tu
259 2716 338 2752 tamen
353 2704 452 2752 illorum
464 2703 611 2755 moderatiiis
627 2720 691 2752 utere
703 2700 768 2751 dono
782 2719 790 2752 τ

239 2779 289 2832 Aut
299 2785 375 2834 oculis
385 2782 447 2834 certi
458 2801 541 2850 parce,
557 2783 650 2849 puelia,
663 2784 731 2834 meis.

507 2993 628 3071 ’M‘
