2367 3992
539 1069 986 1157 ov1D11
1082 1071 1660 1160 NASONIS

427 1271 570 1392 A
658 1271 834 1391 M
934 1267 1070 1405 O
1164 1276 1300 1394 R
1392 1277 1535 1419 U
1626 1273 1800 1392 M

534 1501 980 1573 LIBER
1075 1501 1691 1576 PRIMUS.

610 1695 1102 1756 ELEGIA
1183 1697 1605 1760 PRIMA.

387 1799 656 1923 ,ἑὲ-ΜΛ
677 1873 811 1936 gravi
832 1889 1035 1922 numero
1054 1905 1068 1932 ‚
1090 1871 1397 1937 violentaque
1422 1870 1548 1919 bella
1568 1869 1792 1935 parabam

457 1947 613 2000 Edere
631 1985 649 2010 ,
681 1950 882 2000 materiai
908 1954 1224 2002 conveniente
1243 1947 1421 1999 modis.

389 2029 484 2079 Par
505 2043 607 2078 erat
628 2028 828 2078 inferior
849 2031 1005 2078 versus
1029 2046 1042 2078 :
1064 2025 1216 2076 risisse
1239 2025 1437 2092 Cupido

457 2106 655 2156 Dicitur
672 2141 690 2168 ‚
711 2122 857 2173 atque
876 2123 1026 2156 unum
1051 2103 1321 2172 surripuisse
1347 2094 1539 2170 pedem.

390 2186 514 2247 Quis
528 2187 634 2243 ,tibi
651 2219 670 2246 ,
691 2187 812 2237 saeve
831 2201 946 2250 puer
959 2219 976 2244 ‚
1006 2183 1142 2234 dedit
1159 2187 1255 2234 hoc
1275 2187 1327 2233 in
1350 2185 1559 2232 carmina
1576 2182 1728 2249 juris?
1911 2186 1931 2232 5

460 2262 709 2314 Pieridum
730 2278 861 2314 vates
875 2297 892 2324 ‚
916 2279 1018 2312 non
1039 2278 1120 2312 tua
1139 2262 1310 2323 turba,
1330 2264 1509 2313 sumus.

391 2339 560 2403 Quid,
586 2344 624 2391 si
651 2344 888 2406 praeripiat
916 2341 1052 2392 flavae
1072 2342 1236 2391 Venus
1260 2357 1391 2391 arma
1412 2342 1674 2393 Minervae?
1730 2343 1738 2349 '

458 2418 680 2469 Ventilet
700 2421 915 2470 accensas
936 2418 1059 2470 flava
1079 2419 1301 2470 Minerva
1320 2419 1444 2469 faces
1466 2423 1485 2468 ἓ

392 2497 517 2558 Quis
548 2499 719 2563 probet
740 2502 790 2547 in
815 2498 945 2548 silvis
968 2497 1198 2548 Cererem
1218 2498 1414 2563 regniu’e
1440 2500 1656 2563 jugosis?
1715 2534 1720 2539 .

462 2575 590 2639 Lege
612 2578 890 2640 pharetrate
911 2577 1122 2640 Virginis
1144 2592 1256 2626 arva
1274 2576 1371 2624 coli
1394 2578 1412 2623 Ξ
1878 2583 1935 2614 ¹0
2016 2620 2023 2626 .

393 2653 627 2704 Crinibus
653 2657 890 2720 insignem
910 2659 1016 2720 quis
1035 2653 1174 2704 acutii
1189 2651 1382 2719 cuspide
1406 2652 1644 2701 Phoebum

460 2732 666 2783 Instruat
681 2766 699 2794 ,
735 2735 942 2785 Aoniam
964 2733 1123 2782 Marte
1145 2745 1372 2783 movente
1399 2731 1604 2792 Lyram?

387 2813 514 2863 Sunt
533 2812 623 2861 tibi
653 2827 828 2877 magna
849 2827 965 2876 puer
981 2845 1000 2871 ,
1022 2808 1324 2875 nimiumque
1344 2809 1560 2873 potentia
1576 2820 1719 2871 regna
1736 2825 1749 2855 z

462 2879 717 2960 Cur'opus
748 2888 963 2950 destas,
992 2889 1273 2948 ambitiose,
1310 2888 1525 2936 novum?

396 2971 476 3022 An
490 3006 507 3031 ‚
533 2967 670 3036 quod
693 2969 868 3034 ubique
885 3002 902 3028 ,
919 2972 1084 3018 tuum?
1109 2983 1191 3017 tua
1211 2967 1323 3016 sunt*
1348 2964 1601 3015 Heliconia
1619 2965 1835 3027 Tempe?
1880 2970 1929 3015 15

466 3050 562 3098 Vix
588 3051 735 3098 etiam
758 3047 943 3096 Phoebo
966 3051 1065 3111 jam
1087 3045 1190 3108 lyra
1210 3059 1313 3094 tuta
1336 3046 1416 3094 sua
1437 3043 1529 3092 est?

403 3126 540 3180 Cum
568 3128 688 3176 bene
710 3127 910 3177 surrexit
927 3125 1062 3173 versu
1086 3139 1213 3173 nova
1234 3126 1405 3188 pagina
1426 3125 1582 3187 primo
1601 3138 1619 3179 5

469 3206 700 3262 Attenuat
725 3220 954 3258 numeros
981 3205 1197 3273 protinus
1228 3200 1312 3253 ille
1341 3216 1494 3250 meos.

1434 3278 1473 3327 F
1504 3276 1558 3340 iij
