2367 3992
279 501 336 556 nr
354 486 472 558 Aura
492 484 683 556 AMANnr
703 489 741 557 L.
759 489 808 556 II.
847 511 915 579 237

205 605 256 658 Nec
267 607 392 660 dominam
402 610 474 673 iuben
484 611 588 673 pretioso
601 625 699 662 munere
713 607 787 661 dones
798 627 805 661 t

238 687 325 745 Parva,
344 685 384 736 sed
398 704 412 744 e
422 690 499 752 parvis
511 685 611 737 callidus
623 703 678 752 apra
689 685 756 740 dato.

205 762 271 812 Dum
282 765 342 813 bene
352 763 417 815 dives
427 781 482 830 ager
490 800 498 825 ,
506 763 565 814 dum
576 768 635 813 rami
646 763 751 829 pondere
762 780 863 827 nutant,

237 840 329 892 Afferar
339 847 364 893 in
375 843 469 892 calatho
479 843 564 905 rustica
575 841 640 892 dona
649 859 715 907 puer.

205 919 268 970 Rure
279 922 412 970 suburbano
423 924 511 986 poteris
522 922 565 970 tibi
576 918 654 970 dicere
663 918 748 978 miffar
923 931 967 983 265

236 997 282 1045 Illa
291 998 328 1046 vel
341 1003 365 1047 in
378 1000 447 1048 Sacra
456 1002 503 1048 rint
513 989 570 1048 licet
579 1013 645 1047 emta
655 997 710 1048 Via.

205 1072 297 1124 Afferat
306 1091 347 1124 aut
357 1092 430 1136 uvas,
446 1092 486 1125 aut
494 1093 551 1141 quas
563 1075 690 1136 Amaryllis
700 1079 810 1131 amabatr

239 1152 272 1199 At
281 1168 345 1200 nunc
357 1153 472 1201 castaneas
483 1170 533 1202 non
544 1167 609 1200 amat
625 1153 668 1201 illa
677 1170 756 1209 nutes.

205 1227 274 1288 Quin
286 1233 359 1277 etiam
371 1228 488 1294 turdoque
504 1229 561 1288 lieet
571 1230 689 1294 missiqtre
702 1230 793 1283 coroni
813 1247 816 1253 ¹

238 1308 277 1356 Te
292 1324 425 1357 memorem
436 1305 539 1356 domin:
547 1305 670 1360 testificere
680 1321 734 1356 tuae.
925 1323 971 1367 27⁹

206 1385 322 1450 Turpiter
333 1390 369 1434 his
384 1389 472 1435 emitur
482 1389 531 1450 spes
545 1389 630 1438 mortis
641 1420 649 1444 ‚
669 1390 694 1435 ὅ(
704 1387 763 1436 orba
773 1387 884 1436 seuerius.

239 1464 295 1529 Ali!
314 1480 425 1527 pereant,
440 1480 481 1529 per
490 1480 550 1528 quos
561 1480 660 1512 munera
670 1468 761 1512 crimen
777 1466 875 1515 habent.

207 1537 275 1601 Quid
286 1541 329 1588 tibi
344 1545 478 1606 praeripiam
490 1555 686 1607 tenerosquoque
694 1545 789 1591 mittere
799 1545 893 1592 versuti

240 1619 288 1668 Hei
299 1620 371 1668 mihil
385 1636 434 1668 non
446 1620 550 1672 multum
560 1635 656 1674 ,carmen
665 1623 764 1677 honoris
773 1623 855 1676 habet.

209 1695 327 1746 Carmina
342 1695 468 1746 laudantur
479 1716 485 1745 :
498 1695 539 1748 sed
549 1714 744 1762 muneramagna
757 1715 879 1763 petuntur.
926 1725 969 1772 275

242 1773 386 1823 Dummodo
402 1778 433 1823 sit
448 1773 531 1833 dives,
547 1776 657 1823 barbarus
666 1777 715 1839 ipse
725 1775 812 1839 places.

209 1851 287 1902 Aurea
300 1869 364 1902 nunc
380 1852 434 1902 veri
446 1853 499 1902 sunt
512 1851 589 1901 secula
603 1869 610 1899 r
625 1852 740 1916 plurimus
748 1868 806 1901 auro

243 1932 317 1981 Venit
332 1935 408 1982 honos
420 1951 427 1981 ε
438 1948 496 1981 auro
507 1932 650 1980 conciliatur
660 1946 737 1979 amor.

210 2007 261 2074 Ipse
275 2009 333 2058 licet
343 2011 417 2059 Musis
427 2013 507 2061 venias
518 2010 662 2067 comitatus,
674 2008 795 2068 Homere;

243 2089 269 2136 si
284 2088 345 2136 nihil
359 2089 484 2148 attuleris,
500 2089 564 2146 ibis,
581 2085 703 2146 Homeri,
721 2086 794 2137 forat.
928 2090 975 2143 280

211 2167 272 2215 Sunt
280 2182 361 2216 tamen
372 2172 396 2216 δι
407 2165 498 2225 dolia,
510 2168 627 2217 rarissima
634 2167 716 2224 turba,
728 2164 827 2230 puelloer

244 2245 326 2294 Altera
340 2263 390 2295 non
400 2244 475 2295 dolie
484 2246 569 2298 rurba,
586 2242 628 2292 sed
644 2240 690 2292 eise
701 2243 796 2293 volunt.

210 2322 319 2388 Utraque
332 2322 457 2372 laudentur
467 2339 507 2387 per
518 2324 641 2373 carminat
653 2324 759 2373 carmina
769 2321 842 2374 lestor

245 2400 409 2450 Commendet
418 2399 483 2450 dulci
494 2400 677 2466 qualiacumque
686 2403 755 2449 sono.

212 2475 257 2527 His
275 2493 331 2542 ergo
343 2512 351 2535 ‚
363 2479 475 2538 surrilis,
494 2477 621 2542 vigilatum
635 2493 731 2527 carmen
742 2480 768 2530 in
781 2477 859 2540 ipsas,
928 2477 957 2533 28
962 2494 972 2540 5

245 2557 353 2603 Forsitan
368 2556 446 2616 exigui
463 2557 565 2600 muneris
582 2554 653 2602 instar
665 2556 720 2601 erit.

211 2635 259 2690 Ar,
278 2630 344 2698 quod
355 2635 399 2678 eris
410 2647 451 2694 per
463 2645 486 2677 te
498 2628 599 2677 facimus
610 2664 618 2686 ,
630 2633 655 2678 &
668 2629 726 2678 utile
741 2629 817 2681 credie
827 2666 838 2694 ‚

245 2710 274 2760 Id
285 2725 325 2759 tua
333 2723 357 2756 te
368 2708 442 2757 facito
453 2708 544 2771 semper
555 2709 632 2756 amica
645 2722 722 2772 roget.

212 2791 320 2844 Libertas
331 2786 402 2836 alicui
412 2786 484 2836 fuerit
495 2782 607 2848 promilla
617 2801 713 2834 tuorum
726 2802 735 2846 ς

246 2869 315 2917 Hanc
325 2880 405 2916 tamen
417 2881 431 2913 a
441 2861 540 2913 domina
550 2862 587 2913 fac
599 2877 664 2926 petat
672 2863 714 2912 ille
728 2864 777 2919 tui.
928 2894 976 2943 290

213 2949 237 2998 si
251 2961 347 3010 poenam
357 2945 440 3000 fervo,
456 2945 475 2990 si
484 2939 581 2991 vincula
591 2941 650 2990 sena
664 2945 765 2992 remittis
770 2961 781 3004 ς

247 3021 321 3083 Quod
332 3022 432 3070 fasturus
447 3036 516 3078 eras,
531 3017 617 3069 debeat
629 3018 672 3069 illa
683 3022 735 3070 tibi.
777 3051 779 3058 ·

215 3102 312 3152 Utilitas
329 3116 369 3150 tua
382 3102 429 3156 sir,
442 3097 524 3146 titulus
534 3096 637 3147 donetur
654 3103 744 3148 amica.
761 3123 765 3135 ι
838 3102 846 3142 l

156 3172 158 3177 ’
247 3176 321 3233 Perde
331 3176 393 3229 nihil
404 3188 498 3245 :partes
510 3173 553 3224 illa
561 3177 670 3241 'putentis
682 3191 746 3242 agat.
