2367 3992
316 477 444 546 [murt
468 476 539 544 III.
566 469 735 542 ErnorA
761 470 812 544 ΙΙ.
861 493 926 565 179

241 597 336 659 Multa,
349 598 474 664 supercilio
486 615 536 647 non
546 597 659 662 patienda
669 613 722 647 tuo.

208 678 253 728 Per
264 697 303 726 me
315 676 416 743 decepto
427 676 512 726 didicit
523 676 619 726 custode
631 676 740 727 Corinna

240 758 343 806 Liminis
354 757 438 805 astridi
449 755 566 804 felicitare
578 753 670 814 fidem3

206 834 405 900 Delabiquetoro
416 870 423 893 ,
436 833 516 882 tunici
527 834 605 884 velata
612 832 714 882 recinciri
724 852 732 892 3

240 910 320 981 Atque
331 911 485 980 impercuffos
497 916 565 962 noire
575 930 672 982 movere
683 911 765 978 pedes.

207 990 254 1042 Vel
268 997 361 1058 quoties
377 992 467 1040 foribus
478 991 541 1040 duris
553 993 626 1040 ineisa
635 990 751 1056 pependi,

241 1071 300 1120 Non
313 1074 388 1122 verita
399 1087 413 1118 a
423 1071 514 1135 populo
525 1083 679 1134 ptaetereunte
691 1069 752 1134 legi!

208 1148 275 1208 Quin
286 1166 332 1214 ego
345 1166 384 1197 me
395 1151 512 1205 memini,
526 1145 583 1196 dum
595 1147 671 1195 custos
682 1149 754 1196 saevus
764 1149 853 1202 abiret,
950 1171 977 1219 55

239 1228 342 1277 Anciilae
358 1224 453 1275 miffam
468 1221 586 1274 delituiffe
601 1228 662 1273 sinu,

208 1304 290 1366 Quid?
311 1305 367 1354 crim
379 1322 418 1353 me
430 1320 516 1353 munus
529 1302 691 1353 tratalinrittis
703 1323 709 1351 ε
723 1319 747 1352 at
757 1303 800 1353 illa

241 1387 357 1450 Rumpit,
371 1389 395 1434 δι
407 1381 515 1447 appositi
527 1383 626 1430 barbara
636 1385 719 1430 mersit
732 1381 809 1447 aquit?

207 1463 288 1512 Prima
300 1478 346 1511 tuae
357 1465 423 1510 movi
435 1461 514 1508 felicia
525 1461 614 1508 semina
625 1463 712 1509 mentis
723 1479 730 1509 e

242 1543 333 1589 Munus
348 1542 435 1600 habet,
448 1538 515 1606 quod
526 1556 548 1588 te
559 1542 609 1605 jam
621 1543 696 1605 petit,
709 1539 751 1589 ista
764 1556 857 1589 meum.
948 1559 982 1599 ω

207 1617 348 1672 Desierant,
366 1621 441 1683 coepir
453 1619 496 1666 Per
505 1635 548 1666 vos
559 1634 685 1684 utramque
700 1635 827 1684 rogamus,

241 1699 270 1746 In
286 1714 371 1748 vacuas
380 1715 446 1746 aures
456 1699 527 1746 verba
538 1700 643 1746 timentis
655 1713 718 1747 eant.

208 1775 291 1824 Altera
302 1794 340 1824 me
349 1778 440 1840 sceptro
452 1774 566 1838 decoras,
582 1776 680 1840 altoque
690 1778 809 1826 cothurno
820 1793 828 1825 ι

186 1840 190 1845 ’
241 1855 296 1902 Jam
311 1871 374 1903 nunc
387 1857 509 1904 contrado
521 1870 621 1916 magnus
635 1856 711 1901 inore
725 1856 806 1902 sonor.

209 1932 292 1980 Altera
302 1931 343 1981 das
354 1932 434 1981 nostro
448 1934 566 1980 viiiututn
578 1948 668 1979 nomen
679 1934 765 1980 amori.

242 2009 307 2074 Ergo
322 2007 377 2059 ades
388 2045 396 2069 ,
411 2013 436 2058 &
449 2009 527 2073 longis
538 2011 642 2057 versibus
654 2006 715 2058 adde
727 2010 819 2060 breves.

208 2085 329 2152 Exiguum
340 2091 391 2137 vati
402 2085 506 2137 concede
517 2119 525 2146 ‚
537 2086 667 2152 Tragoedia
678 2121 687 2147 ‚
698 2102 799 2153 tempus.

242 2168 282 2215 Tu
292 2168 362 2216 labor
373 2182 472 2215 aeternus
484 2183 491 2215 t
503 2164 570 2231 quod
579 2168 641 2231 petit
651 2165 710 2226 ilia,
723 2168 793 2217 breve
805 2167 846 2218 est.

209 2244 281 2295 Mota
295 2244 364 2295 dedit
374 2248 468 2294 veniam
480 2263 486 2292 t
501 2247 574 2293 teneri
584 2259 741 2311 properentur
752 2263 862 2309 amores,

242 2324 310 2374 Dum
324 2339 412 2376 vacat:
424 2341 438 2372 a
450 2337 517 2389 tergo
527 2323 640 2388 grandius
650 2340 720 2389 urget
729 2341 798 2392 opus.
943 2347 981 2391 770

394 2597 738 2658 ELEGIAII.

212 2690 273 2808 AN
285 2775 325 2809 ou
341 2776 386 2824 ego
396 2759 517 2810 nobilium
528 2757 600 2808 sedeo
612 2754 867 2826 studiosusequorume

246 2835 293 2886 Cui
305 2854 386 2888 tamen
397 2841 447 2904 ipsa
463 2839 544 2892 faves,
563 2840 644 2887 vincat
655 2854 681 2886 ut
697 2838 739 2887 iiic
747 2873 755 2898 ‚
764 2825 865 2902 precor.

212 2913 248 2963 Ut
263 2915 372 2982 loquerer
383 2931 462 2965 tecum
473 2920 562 2978 ‚veni,
574 2931 702 2982 tecumque
713 2916 818 2966 sederem
825 2933 835 2977 3

209 2998 213 3008 ¹
245 2992 282 3042 Ne
296 2995 340 3042 ribi
349 3010 398 3042 uon
410 3010 480 3044 notus
491 3010 580 3062 ,quem
590 2996 648 3045 facis
659 3032 667 3056 ‚
678 2993 736 3046 effer
747 3013 823 3047 amor.

211 3071 252 3122 Tu
262 3075 342 3122 cursus
357 3074 462 3138 spedas,
478 3090 522 3139 ego
540 3090 562 3123 te
576 3094 581 3122 ε
595 3077 723 3140 spectemus
735 3092 835 3141 uterque
950 3097 964 3144 5

245 3150 319 3212 Quod
332 3156 418 3219 juvat3
432 3166 503 3218 atque
516 3153 600 3204 oculos
614 3156 694 3219 pascat
707 3169 805 3219 uterque
821 3156 885 3204 suot.

298 3231 301 3237 ’
694 3249 697 3257 ·
722 3232 728 3239 ”
760 3232 821 3297 ij
