2367 3992
839 407 842 416 ι

265 627 307 692 88
368 622 410 691 P.
438 623 619 691 Orrurr
640 628 866 709 Nasorurs

260 745 297 794 An
310 781 318 804 ,
332 749 388 812 quia
399 748 451 796 vim
457 746 532 795 uobis
543 746 680 812 Neptunius
690 749 773 798 attulit
785 752 871 797 herosl

294 825 370 890 Rapta
378 826 468 885 semel,
482 822 566 875 videor
577 825 613 874 bis
626 842 723 892 quoque
735 825 808 891 digna
815 829 884 891 rapi?

261 902 362 954 Crimen
376 918 426 953 erat
439 903 562 963 nostrum,
576 906 596 951 si
611 902 713 953 delinita
727 900 834 952 fuilsem:

293 982 359 1032 cnm
370 985 488 1046 slmrapta
498 1016 506 1040 ,
518 998 601 1030 meum
612 980 689 1046 quid,
702 985 748 1031 uisi
756 981 841 1040 nolle,
853 980 918 1030 fuit?

215 1068 243 1116 ²5
263 1061 320 1112 Non
333 1077 412 1111 tamen
423 1078 435 1109 e
446 1060 508 1109 fallo
520 1060 623 1109 frustum
636 1060 693 1109 tulit
702 1061 744 1108 ille
760 1062 884 1125 petitum:

295 1141 418 1206 Excepto,
435 1137 495 1188 redii
508 1136 586 1204 palla,
600 1142 686 1188 timore
694 1173 703 1198 ,
716 1139 788 1186 nihil.

195 1208 198 1212 ⁴
263 1219 351 1269 Oscula
368 1218 466 1266 lucranti
483 1215 654 1265 tantummodo
669 1233 744 1281 pauca
755 1231 879 1281 protervus

295 1296 398 1345 Abstulit
408 1314 414 1344 s
426 1295 524 1344 ulterius
534 1294 569 1343 nil
581 1295 652 1343 habet
663 1295 705 1343 ille
715 1298 772 1343 mei.

262 1374 322 1436 Quae
338 1389 378 1423 tua
393 1377 498 1440 nequitia
510 1374 559 1432 est,
575 1388 626 1422 non
636 1375 671 1421 his
683 1388 796 1422 contenta
808 1370 899 1422 fuiffet.

213 1463 244 1509 30
293 1452 327 1502 Dl
339 1453 424 1502 melius
435 1473 440 1501 :
453 1453 537 1501 similis
549 1469 598 1500 non
609 1451 655 1500 fuit
666 1451 708 1499 ille
720 1455 765 1500 tui.

259 1529 374 1580 Reddidit
385 1534 512 1589 intadam3
529 1533 663 1595 minuitque
674 1528 789 1580 modestia
800 1533 891 1579 crimen
904 1548 913 1578 e

292 1610 323 1658 Et
333 1614 442 1674 juvenem
454 1609 508 1658 fatri
519 1605 654 1672 poeniruiffe
665 1623 738 1672 patet.

260 1687 351 1736 Thesea
365 1689 498 1751 poenituit,
515 1687 579 1734 Paris
590 1700 617 1733 ut
628 1684 763 1734 succederet
773 1685 827 1734 illi?

292 1765 330 1813 Ne
339 1761 436 1829 quando
449 1779 538 1812 nomen
549 1779 599 1811 non
614 1767 677 1812 sitin
689 1781 730 1812 ore
741 1780 831 1812 meum.

214 1845 241 1892 ³5
260 1842 312 1892 Nec
323 1856 404 1891 tamen
414 1843 501 1890 irascor
511 1877 519 1900 ,
532 1844 584 1907 quis
598 1845 661 1890 enim
672 1843 899 1891 irascaturamanti?

293 1923 317 1970 si
331 1918 424 1974 modis,
439 1937 509 1986 quern
522 1920 632 1984 prefers,
650 1938 699 1969 non
710 1921 834 1969 simulatur
844 1936 923 1968 amor.

260 1998 315 2048 Hoc
325 2016 421 2066 quoque
436 2002 499 2046 enim
512 1996 598 2048 dubito
608 2019 614 2047 z
623 2016 673 2048 non
684 2017 732 2065 quo
744 1999 831 2048 fiducia
841 1997 918 2052 desit,

293 2078 342 2126 Aut
353 2096 406 2126 mea
417 2081 447 2126 sit
458 2077 530 2125 facies
539 2092 588 2126 non
597 2079 656 2127 bene
666 2094 724 2128 nota
732 2081 809 2136 mihi3

260 2154 305 2205 Sed
318 2160 373 2220 quia
385 2155 511 2205 credulitas
523 2154 613 2204 damno
623 2157 684 2206 solet
693 2154 738 2206 effe
746 2156 845 2221 puellis,

211 2242 242 2286 40
292 2235 417 2300 Verbaque
433 2233 544 2283 dicuntur
558 2235 633 2283 vestra
643 2251 720 2284 carere
734 2232 789 2283 lide.

260 2311 292 2360 At
304 2327 402 2376 peccant
414 2312 480 2370 aliae,
498 2327 714 2377 matronaquerara
724 2311 810 2377 pudica
823 2312 863 2359 est.

292 2388 358 2449 Quid
369 2391 479 2454 probibet
492 2393 548 2438 raris
561 2406 650 2437 nomen
664 2387 737 2437 ineffe
749 2393 845 2437 meum?

260 2466 324 2517 Nam
336 2484 388 2515 mea
398 2466 463 2533 quod
475 2469 524 2516 visa
532 2467 564 2516 est
574 2469 618 2515 tibi
627 2482 702 2515 mater
712 2465 797 2514 idonea
809 2501 816 2524 ,
826 2472 894 2531 cujus
960 2455 965 2463 ’

292 2544 408 2609 Exemplo
419 2543 480 2592 flent
492 2562 531 2593 me
543 2561 639 2609 quoque
649 2541 715 2607 polle
724 2558 803 2608 putes:

210 2626 240 2669 45
260 2622 345 2673 Matris
355 2627 380 2671 in
391 2620 510 2691 admisso,
523 2621 582 2670 falsal
593 2623 635 2669 sub
646 2625 750 2684 imagine
762 2620 817 2669 lusae
828 2654 837 2680 ,

292 2701 365 2750 Error
376 2701 434 2749 inest
447 2718 452 2748 t
465 2698 549 2766 pluma
560 2701 632 2748 tenus
643 2697 735 2747 adulter
746 2713 804 2747 erat.

230 2811 236 2816 -
260 2776 303 2827 Nil
319 2796 362 2844 ego
373 2815 380 2838 ,
391 2782 410 2828 si
426 2795 540 2844 peccem,
555 2781 645 2843 possim
656 2776 892 2831 nescilletnecullus

292 2855 379 2911 Error,
392 2845 433 2922 qui
447 2857 502 2905 fasti
513 2858 604 2904 crimen
618 2856 759 2915 obumbret,
775 2862 827 2907 erit.

260 2931 304 2981 llla
315 2935 373 2982 bene
385 2937 486 2994 erravit,
497 2936 632 3000 vitiumque
642 2936 735 2983 austote
749 2935 867 2986 redemit:

211 3017 242 3067 50
291 3009 357 3058 felix
371 3014 397 3059 in
408 3011 478 3075 culpa
488 3028 537 3077 quo
552 3012 611 3061 Jove
621 3010 686 3061 dicar
696 3017 759 3076 ego?

260 3084 332 3146 Quod
343 3102 415 3151 genus
427 3091 452 3136 bc
461 3102 578 3152 proavos,
589 3092 614 3137 &
625 3092 689 3152 tegla
699 3093 814 3152 nomina,
829 3095 915 3158 jadas,

290 3161 364 3213 Clara
374 3166 429 3213 satis
442 3162 528 3214 domus
539 3167 588 3215 baec
599 3165 725 3215 nobilitate
733 3169 774 3217 sual
785 3171 826 3220 est.
883 3160 885 3165 ’

258 3241 364 3307 luppiter
375 3255 401 3292 ut
412 3243 485 3292 soceri
496 3258 598 3308 proavus
609 3259 728 3306 taceatur,
740 3249 764 3294 &
775 3265 850 3298 omne

291 3319 425 3372 Tantalide
434 3321 530 3390 *Pelopis
540 3321 711 3389 Tyndareique
720 3322 809 3375 decus:

827 3455 841 3562 l
