2367 3992
137 442 192 507 ι,
342 431 758 504 HunornasAEni.
894 465 910 528 3

192 549 269 618 Uspue
288 566 357 601 metu
374 555 477 602 micuere
490 556 570 613 sinus3
584 553 643 605 dum
654 560 731 607 vietor
741 561 846 608 amicum
929 566 959 610 45

220 632 305 678 Didius
317 647 341 677 es
360 630 462 679 Ismariis
477 625 519 679 iise
530 649 572 695 per
582 649 669 698 agmen
680 640 757 700 equis.

189 705 234 756 Sed
248 709 311 755 mihi
322 705 382 773 quid
392 706 486 772 prodest
494 710 573 758 vestris
584 709 680 776 disjetia
688 713 784 764 lacertis

219 783 277 832 ilios
290 820 299 844 ,
319 789 344 833 &
355 819 363 844 ‚
381 802 463 834 murus
473 785 541 852 quod
551 787 598 837 fuit
608 805 662 838 ante
673 826 681 849 ,
697 792 776 841 solum
787 797 797 842 2

189 862 213 910 Si
230 879 336 921 maneo,
349 862 441 927 qualis,
457 864 531 928 Troja
542 863 658 926 durante,
670 871 813 931 manebam

219 937 312 1003 Virque
330 942 390 986 mihi
408 937 491 988 demto
505 939 552 990 fine
570 942 685 992 carendus
699 948 774 997 abes?
932 964 961 1008 50

137 1048 140 1053 -
187 1013 273 1064 Diruta
280 1018 337 1065 sunt
346 1017 412 1077 aliis,
425 1021 466 1066 uni
479 1019 539 1066 mihi
551 1020 665 1084 Pergama
679 1024 778 1087 restant,

140 1100 145 1105 '
217 1094 303 1142 Incola
318 1099 415 1159 captivo
426 1112 478 1160 quae
490 1097 550 1144 bove
561 1101 638 1146 vietor
649 1116 707 1149 arnt.

186 1167 236 1225 Jam
246 1171 314 1232 seges
325 1169 359 1217 est
374 1170 415 1217 ubi
426 1169 500 1233 Troia
513 1169 575 1229 fuit,
587 1171 759 1239 resecandaque
771 1175 834 1226 falce
903 1220 905 1224 .

216 1247 335 1295 Luxuriat
345 1247 450 1311 Phrygio
464 1248 576 1312 sanguine
592 1252 686 1315 pinguis
704 1256 799 1303 humus.

187 1324 343 1388 Semisepulta
355 1323 434 1372 virum
446 1325 522 1373 curvis
534 1323 652 1374 feriuntur
663 1333 744 1377 aratris
928 1343 954 1389 55

217 1398 290 1449 Offa:
303 1403 410 1449 ruinosas
425 1400 516 1449 occulit
535 1402 614 1451 Herba
630 1402 726 1454 domos.

137 1464 140 1471 ¹
187 1477 266 1526 vidior
282 1479 357 1535 abcs;
378 1494 423 1526 nec
440 1479 499 1525 scire
516 1480 595 1537 mihi,
610 1497 662 1544 quae
678 1487 746 1532 causa
761 1487 872 1539 morandi
881 1527 890 1551 ,

216 1559 264 1606 Aut
279 1559 307 1604 in
320 1573 370 1622 quo
383 1556 455 1604 lateas
474 1555 561 1604 ferreus
576 1559 654 1618 orbe,
674 1560 739 1612 licet.

137 1640 139 1649 '
187 1637 297 1703 Quisquis
313 1631 345 1683 ad
362 1636 411 1682 haec
424 1636 497 1683 vertit
512 1638 660 1698 peregrinam
675 1638 745 1690 litora
757 1647 872 1710 puppim,

215 1715 257 1765 Ille
274 1716 337 1762 mihi
349 1711 378 1762 de
396 1727 418 1760 te
429 1710 506 1760 multa
523 1727 619 1776 rogatus
633 1716 691 1765 abit.
923 1738 953 1777 60

184 1795 310 1861 Quamque
323 1793 367 1841 tibi
379 1787 464 1838 reddat
479 1824 486 1847 ,
500 1791 519 1836 si
532 1804 554 1837 te
565 1789 641 1839 modd
651 1792 739 1845 viderit
752 1800 870 1864 usquam,

137 1906 141 1923 ι
213 1874 329 1925 Traditur
347 1874 401 1920 huic
414 1867 494 1934 digitis
508 1873 589 1919 charta
604 1866 686 1923 notata
702 1880 771 1924 meis.

137 1980 142 2001 ι
183 1953 232 2002 Nos
249 1949 348 2012 Pylon,
364 1947 456 2010 antiqui
473 1944 560 1993 Nele'r'a
572 1946 678 1996 Nestoris
689 1966 762 2008 arva,

137 2028 139 2033 ’
212 2031 325 2079 Misimus
337 2045 343 2072 z
355 2026 445 2072 incerta
462 2021 494 2068 est
511 2022 575 2070 fama
587 2021 683 2072 remissa
701 2026 770 2087 Pylo.

183 2106 291 2155 Misimus
304 2106 328 2151 Sc
340 2102 455 2164 Sparten:
468 2101 550 2163 Sparte
561 2115 658 2165 quoque
668 2104 746 2151 nescia
755 2106 819 2168 veri,
920 2115 948 2168 65

211 2186 275 2244 Quas
285 2182 378 2230 habitas
390 2192 478 2235 terras,
492 2191 533 2224 aut
544 2176 583 2223 ubi
594 2176 671 2226 lentus
683 2182 754 2230 abes?

184 2261 266 2315 Utilius
282 2262 371 2310 starent
384 2257 456 2303 etiam
467 2269 530 2303 nunc
541 2257 633 2303 moenia
645 2257 739 2307 Phoebi.

211 2344 300 2392 Irascor
315 2340 380 2390 votis
392 2334 450 2384 heu!
465 2333 523 2381 levis
535 2335 584 2397 ipsa
596 2338 664 2385 meis.

183 2421 266 2470 Scirem
281 2421 324 2468 ubi
342 2431 472 2483 pugnares,
489 2417 513 2462 &
529 2414 623 2463 tantum
634 2415 697 2464 bella
713 2420 841 2480 timerem

137 2514 140 2543 ι
210 2500 240 2549 Et
257 2517 312 2549 mea
326 2515 382 2548 cum
394 2495 475 2545 multis
487 2496 565 2558 juniis
576 2496 671 2560 querela
685 2496 757 2547 foret.
915 2525 946 2568 70

182 2573 240 2634 Quid
251 2581 351 2625 timeam
366 2577 452 2637 ignoro
467 2589 472 2618 ε
487 2573 561 2619 timeo
574 2585 653 2619 tamen
667 2575 749 2621 omnia
765 2572 879 2631 demens,

208 2657 238 2705 Et
254 2671 321 2720 patet
332 2658 357 2703 in
368 2669 434 2702 curas
450 2669 502 2700 area
513 2651 560 2700 lata
575 2667 649 2699 meas.

181 2735 339 2801 Quaecumque
347 2735 521 2800 aequorhabet‚
531 2749 687 2797 quacumque
695 2731 800 2796 peritula
808 2733 892 2794 tellus,

207 2815 267 2863 Tam
286 2815 365 2878 longae
384 2813 462 2860 causas
472 2811 575 2874 suspicor
588 2806 634 2857 effe
649 2827 732 2858 morae.

179 2888 228 2939 Haec
239 2909 286 2957 ego
299 2889 358 2940 dum
368 2886 436 2938 stult&
446 2886 567 2945 meditor,
580 2903 632 2952 quae
643 2887 718 2936 vestra
725 2887 801 2940 libido
810 2891 857 2955 est,
908 2912 937 2960 75

204 2968 254 3019 Effe
266 2973 392 3034 peregrino
405 2982 485 3032 captus
499 2982 579 3014 amore
590 2979 667 3029 potes.

179 3046 279 3098 forsitan
291 3052 316 3096 &
327 3063 422 3105 narres,
436 3045 509 3112 quim
521 3049 551 3093 sit
562 3045 605 3092 tibi
618 3046 702 3095 rustica
711 3051 813 3114 conjux,

205 3125 262 3188 Quae
275 3125 371 3178 tautum
383 3126 447 3175 ianas
455 3140 504 3175 uon
516 3127 576 3175 sinat
588 3121 634 3174 effe
644 3122 722 3175 rudes.

737 3204 759 3254 A
771 3207 791 3272 ij
