2367 3992
279 503 334 553 nn
361 484 477 555 Arrun
501 480 693 553 AMANnr
719 480 758 549 L.
781 482 811 549 Ι.
854 502 918 548 ιιι

204 606 303 671 Respice
314 623 442 673 praterea,
454 606 506 672 poll
515 622 558 655 vos
568 607 715 671 quicumque
726 600 835 664 sedebit,

237 685 275 734 Ne
291 701 381 750 premat
398 687 510 750 opposito
527 683 614 732 mollia
625 698 692 747 terga
705 697 777 746 genu.

203 764 278 814 Parva
289 764 351 814 leves
362 768 460 828 capiunt
470 765 564 812 animos
573 780 578 810 :
588 761 635 810 fuit
646 760 704 809 utile
715 759 816 820 multis,
825 809 830 817 ,

235 841 363 896 Pulvinum
377 841 442 891 facili
454 837 614 905 composuisse
625 855 708 888 manu.

202 919 298 970 Profuit
309 925 332 970 δι
345 924 409 971 tenui
420 934 493 970 vento
505 915 607 968 movilse
618 916 732 966 tabellam
742 933 750 974 3

234 998 266 1048 Et
276 1017 333 1049 cava
348 1001 390 1048 sub
404 1015 511 1049 tenerum
525 999 621 1046 scamna
632 992 721 1045 dedisse
736 992 833 1059 pedem.

202 1076 252 1127 Hos
264 1075 341 1127 aditus
356 1077 488 1141 Circusque
503 1092 567 1126 novo
578 1074 692 1139 praebebit
702 1076 797 1132 amori,

232 1156 362 1220 Sparsaque
371 1154 466 1203 solicito
481 1153 551 1201 tristis
566 1151 710 1201 arenaforo.

202 1231 246 1282 llll
257 1235 319 1299 sape
335 1244 392 1297 puer
410 1233 510 1280 Veneris
527 1232 643 1294 pugnavit
657 1228 746 1288 arend3
925 1235 967 1286 163

230 1310 262 1359 Et
279 1313 322 1376 qui
338 1311 450 1374 spesiavit
460 1308 575 1368 vulnera,
591 1307 677 1357 vulnus
687 1308 766 1356 hebet.

201 1387 265 1438 Dum
273 1388 383 1454 loquitur
389 1423 398 1447 ,
410 1390 535 1456 tangitque
543 1402 641 1437 manum
650 1421 659 1445 ‚
669 1387 793 1452 poscitque
800 1382 921 1444 libellum·y

232 1466 262 1516 Er
272 1470 372 1532 quaerit,
389 1470 469 1532 posito
483 1470 601 1532 pignore,
614 1469 775 1523 vincature13

201 1545 295 1595 Saucius
310 1548 447 1612 ingemuit,
466 1545 589 1611 telumque
604 1543 705 1593 volatile
725 1545 813 1593 sensit:

231 1622 261 1672 Et
272 1640 324 1689 pars
336 1625 431 1688 speclari
446 1627 550 1673 muneris
565 1625 614 1687 ipse
625 1622 681 1672 suit.

202 1699 281 1761 Quid?
292 1699 368 1752 modd
378 1700 434 1752 clm
443 1701 501 1750 belli
511 1702 601 1752 navalis
611 1704 715 1766 imagine
726 1701 807 1754 Caesar

232 1778 338 1831 Persidas
354 1780 450 1830 induxit
464 1778 660 1845 Cecropidasque
673 1783 755 1829 rates?

200 1857 293 1925 Nempe
302 1860 332 1908 ab
343 1875 444 1925 utroque
456 1861 517 1907 mari
528 1863 641 1923 juvenes,
654 1858 683 1906 ab
692 1872 794 1923 utroque
802 1857 890 1923 puelle

229 1935 322 1986 Venire
334 1957 339 1986 ε
353 1953 423 2004 atque
433 1941 517 2002 ingens
532 1938 596 1985 orbis
604 1939 630 1984 in
640 1935 706 1984 Urbe
717 1934 773 1985 fuit.

200 2013 257 2076 Quis
268 2032 319 2066 non
334 2016 425 2067 invinit
433 2052 442 2077 ‚
458 2015 529 2065 rurbd
539 2013 607 2082 quod
617 2028 708 2064 amaret
723 2012 816 2064 inilli?
923 2024 966 2072 ης

229 2095 296 2145 Eheu
308 2095 320 2144 l'
330 2096 404 2162 qudm
416 2095 507 2144 multos
518 2091 610 2144 advena
621 2097 691 2144 torsit
709 2095 782 2144 Amor
794 2095 801 2142 l

198 2170 257 2223 Ecce
272 2189 339 2239 parat
354 2173 434 2224 Caesar
449 2172 561 2234 domito,
577 2172 645 2242 quod
660 2172 752 2236 defuit,
767 2174 821 2227 orbi

228 2249 322 2301 Addere
332 2269 409 2302 :nunc
421 2288 429 2312 ,
441 2253 526 2302 Oriens
538 2252 637 2315 ultime,
649 2254 727 2303 noller
739 2257 793 2304 eris.
887 2260 890 2266 '

196 2327 295 2390 Parme,
315 2328 383 2380 dabis
394 2347 475 2396 pernas
486 2350 492 2380 r
509 2331 590 2383 Crassi
601 2331 702 2398 gaudete
712 2334 816 2400 sepulti,

227 2408 346 2474 Signaque
358 2410 488 2460 barbaricas
499 2426 549 2460 non
560 2412 620 2460 bene
631 2399 695 2477 palla
705 2430 799 2462 manus.
858 2445 872 2464 .
920 2415 966 2462 rlo

195 2481 268 2533 Ultor
283 2483 364 2544 adest3
378 2491 506 2553 primisque
518 2486 605 2537 ducem
620 2489 746 2554 profitetur
756 2495 781 2539 in
792 2494 882 2542 armis:

226 2561 341 2629 Bellaque
356 2581 406 2613 nnn
416 2582 492 2630 puero
503 2568 587 2614 traslat
600 2566 692 2630 agenda
702 2583 768 2631 puer.

194 2636 285 2688 Parcite
298 2641 405 2701 natales,
419 2641 514 2715 tipiidi,
530 2651 656 2692 numerare
666 2644 792 2696 Deorum:

226 2716 359 2768 Cesaribus
368 2723 443 2772 virtus
454 2724 558 2785 contigit
568 2721 708 2773 antediem.

193 2793 322 2924 Ingcnp'um
330 2799 424 2848 coeleste
434 2802 481 2848 suis
493 2799 599 2849 velocius
610 2803 677 2850 amris
916 2799 943 2852 18
948 2815 959 2861 ς

225 2877 257 2924 Su
259 2892 324 2965 git,
339 2878 380 2924 &⁸
357 2893 463 2959 ignavae
478 2878 524 2927 fert
535 2878 599 2927 male
610 2876 698 2929 damna
708 2897 790 2931 morae.

193 2936 279 3002 Parvus
295 2970 361 3012 erat,
357 2940 531 3023 manibusque
545 2955 606 3006 duos
618 2959 757 3022 Tirynthius
768 2978 845 3028 angu·
846 2980 868 3022 s

224 3010 329 3082 Pressit:
324 3035 388 3082 ·&
381 3050 406 3082 tn
418 3039 483 3083 cunis
494 3040 543 3100 jam
553 3037 612 3085 Jove
625 3035 711 3103 dignus
722 3055 781 3088 erat.

193 3109 414 3178 Nuncquoquequi
422 3129 479 3178 puer
486 3131 509 3162 es
516 3131 635 3180 ‚quantus
644 3132 695 3164 tum
703 3118 826 3179 ‚Bacche,
838 3117 912 3171 suisli,

223 3188 289 3249 Crim
303 3194 383 3248 timuit
395 3193 487 3258 thyrsos
495 3190 564 3243 India
573 3196 636 3248 vitta
644 3209 697 3243 tuos
703 3195 715 3249 l
916 3219 962 3267 ,Ἀρ
