2367 3992
259 474 329 542 286
373 474 573 542 Ournrr
615 472 852 543 Nasonis

256 595 381 662 Turgida,
394 600 413 647 si
423 597 494 663 plena
505 596 537 646 est
545 599 579 646 :si
593 597 658 647 fusca
669 598 702 646 est
711 633 719 657 ,
728 601 797 662 nigra
806 612 916 659 vocetur·

288 675 314 724 ln
329 675 413 740 gracili
423 679 509 724 macies
517 678 609 724 crimen
618 677 705 726 habere
715 675 801 741 potest.

254 751 286 801 Et
303 757 392 818 poterit
406 752 455 803 dicl
469 754 595 819 petulans,
613 770 665 820 quae
676 755 761 803 rustica
771 754 873 804 nonest·
937 781 939 785 v

206 836 252 889 330
286 832 317 881 Et
333 835 423 896 poterit
433 830 482 882 dici
492 833 594 891 rustica,
605 835 624 880 si
634 849 680 898 qua
688 834 765 897 proba
777 832 820 881 est.

254 908 319 970 Quin
332 913 404 959 etiam
414 943 423 964 ,
434 926 585 976 quacumque
597 923 662 959 earet
673 925 713 959 tua
725 910 815 959 femina
826 906 902 966 dote,
954 961 957 967 ,

285 989 353 1037 Hanc
363 1001 459 1037 moveat
471 1022 479 1045 ,
491 988 584 1037 blandis
595 1005 668 1054 usque
681 1005 777 1052 precare
785 989 859 1037 sonis.

249 1061 323 1130 Erige
340 1063 406 1130 quod
422 1079 518 1120 cantet,
530 1070 606 1132 siqua
621 1067 654 1115 est
662 1069 714 1115 sine
725 1082 787 1115 voce
797 1065 894 1130 puellae

280 1143 326 1192 fac
341 1144 426 1204 saltet,
438 1145 513 1194 nescit
522 1148 542 1193 ri
552 1162 600 1210 qua
610 1161 707 1195 movere
717 1161 826 1194 manum.

200 1213 349 1283 335Barbata
367 1224 476 1273 sermone
487 1224 536 1283 est3
553 1224 591 1274 fac
600 1239 680 1273 tecum
690 1223 768 1272 multa
779 1223 903 1288 loquatur·

197 1299 204 1310 '
279 1300 338 1351 Non
352 1301 438 1352 didicit
448 1301 549 1352 chordas
560 1318 670 1367 tangere3
687 1305 758 1367 posce
770 1302 860 1364 lyram.

246 1377 335 1429 Duritls
343 1379 449 1438 incedit3
458 1380 509 1428 face
523 1382 675 1429 inambulet:
688 1395 761 1428 omne
771 1379 869 1444 papilla
921 1430 932 1441 ,

279 1460 360 1509 Pectus
373 1461 462 1508 habent
472 1455 585 1516 tumid23
600 1458 672 1507 fascia
682 1457 750 1506 nulla
759 1471 835 1521 tegat.

244 1536 268 1584 Si
282 1533 345 1585 mali
357 1536 454 1586 dentata
464 1537 512 1595 est3
527 1551 610 1594 narra,
623 1533 691 1600 quod
707 1533 803 1594 rideat,
817 1534 866 1583 illl.
949 1545 952 1589 ζ

193 1631 242 1675 340
275 1612 392 1661 Mollibus
404 1614 436 1662 est
446 1614 522 1662 oculis
536 1631 543 1671 3
559 1611 626 1678 quod
637 1611 693 1662 fleat
703 1613 763 1672 illa,
775 1613 848 1662 refer.

242 1689 352 1741 Proderit
361 1694 386 1740 ὃ(
394 1691 491 1750 subito,
505 1690 560 1740 crim
573 1692 596 1739 se
609 1708 659 1740 non
667 1690 762 1740 finxerit
771 1691 835 1752 ulli,

273 1766 312 1818 Ad
324 1766 449 1819 dominam
459 1769 547 1820 celeres
556 1786 627 1818 mane
638 1765 717 1818 tuliffe
724 1767 821 1833 gradus.

136 1887 149 1935 Ι
239 1847 378 1898 Auferimur
386 1849 453 1899 cultu
464 1868 470 1897 ι
483 1852 584 1914 gemmis
595 1865 699 1913 auroque
709 1861 825 1912 teguntur

272 1927 361 1976 Omnia
376 1945 446 1993 :pars
457 1930 558 1976 minima
569 1927 601 1975 est
615 1928 664 1990 ipsa
677 1926 758 1990 puella
773 1927 818 1974 sul.

193 2006 322 2070 545Srepe‚
334 2007 374 2055 ubi
384 2010 430 2065 sit,
449 2003 516 2071 quod
526 2021 589 2054 ames
597 2039 605 2063 ‚
613 2009 674 2052 inter
681 2021 730 2053 tam
737 2003 833 2063 multa,
845 2003 954 2069 requirar.

272 2083 370 2147 Decipit
383 2086 428 2136 hac
438 2083 523 2132 oculos
531 2080 605 2148 aegide
620 2080 686 2131 dives
697 2085 781 2131 Amor.

237 2160 382 2226 improvisus
396 2161 467 2220 adee3
486 2160 616 2226 deprendes
628 2177 692 2210 tutus
704 2164 822 2210 inermem
834 2177 842 2209 t

269 2238 355 2287 Infelix
366 2242 430 2289 viriis
441 2239 534 2289 excidet
547 2239 589 2288 illa
607 2240 662 2289 suis.

235 2314 287 2364 Nec
303 2331 383 2364 tamen
393 2319 448 2365 huic
461 2318 564 2367 nimltlm
572 2333 692 2383 praecepto
702 2316 798 2367 credere
809 2332 891 2367 tutum
903 2318 950 2376 este

188 2412 235 2459 350
268 2392 339 2443 Fallit
353 2397 418 2442 enim
429 2394 518 2443 multos
529 2394 608 2444 forma
620 2399 669 2444 tine
680 2411 730 2446 arte
737 2394 831 2444 decens.

235 2473 299 2522 Tum
310 2490 424 2540 quoque,
441 2472 496 2522 culm
509 2477 592 2539 positis
608 2476 649 2523 sua
662 2475 763 2524 collinet
773 2491 818 2523 ora
828 2477 940 2535 venenis,

266 2551 304 2602 Ad
319 2551 423 2602 dominae
437 2553 517 2602 vultus
528 2589 538 2609 ‚
558 2570 619 2620 lnec
628 2551 706 2617 pudor
716 2553 808 2613 obstet,
820 2552 830 2618 )
849 2569 897 2602 eas.

233 2629 334 2695 Pyxidas
345 2634 450 2681 invenies
462 2665 470 2690 ‚
481 2635 505 2680 ὅ(
518 2647 597 2680 retum
608 2632 677 2679 mille
688 2631 780 2680 coloret
789 2648 806 2688 ς»

265 2710 296 2760 Er
310 2708 382 2760 flucre
394 2713 420 2759 in
431 2707 524 2775 tepidos
536 2710 616 2774 oesypa
627 2709 690 2774 lapsa
700 2711 774 2758 sinus.

184 2785 277 2851 355llla
288 2802 338 2836 tuas
349 2785 472 2847 redolent,
493 2789 583 2835 Phineu
597 2821 605 2846 ,
621 2786 780 2836 medicamina
788 2791 882 2838 mensas
890 2817 900 2844 2
930 2823 932 2828 .

263 2863 321 2913 Non
337 2864 409 2914 semel
427 2869 481 2915 hinc
499 2866 621 2915 stomacho
634 2867 720 2914 nausea
735 2865 796 2915 falia
808 2885 875 2917 meo.

230 2940 302 2990 Nunc
320 2943 362 2989 tibi
375 2977 383 3000 ,
394 2959 447 3007 quae
458 2942 539 2992 medio
553 2945 651 2992 Veneris
660 2943 797 3008 praestentur
807 2948 833 2994 in
843 2947 886 2994 usu
897 2980 907 3007 ,

262 3020 367 3086 Eloquar
379 3038 385 3068 ι
398 3037 426 3068 ex
436 3026 503 3070 omni
516 3037 582 3086 parte
594 3020 711 3086 fugandus
721 3039 798 3072 amor.

229 3099 309 3150 Multa
318 3099 416 3166 quidem
426 3117 454 3149 ex
469 3100 517 3150 illis
529 3099 607 3166 pudor
623 3101 656 3150 est
665 3103 725 3149 mihi
735 3098 876 3152 dicereesed
886 3109 916 3150 tu

183 3176 229 3246 3⁴60
263 3179 362 3243 Ingenio
374 3180 452 3234 verbis
463 3182 562 3247 concipe
572 3178 641 3246 plura
651 3181 721 3233 meu.
