2367 3992
310 476 1020 554 emma-ems

356 626 600 718 OVIDII
649 632 975 722 NASONIS

519 802 815 931 NUX.

466 1001 851 1093 eruore

299 1126 368 1249 N
371 1215 410 1251 ux
424 1215 470 1265 ego
483 1201 562 1265 juniis
575 1201 635 1259 viae,
647 1198 702 1248 crim
718 1202 764 1249 sim
776 1204 826 1253 sine
840 1207 942 1257 crimine
952 1209 1010 1269 rite,

330 1281 352 1329 A
370 1279 462 1346 populo
476 1280 534 1327 saxis
550 1294 706 1342 pretereunte
722 1295 799 1342 petor.

298 1357 405 1406 Obruere
419 1357 461 1406 ista
475 1357 536 1406 solet
549 1355 686 1405 manifestos
700 1373 771 1421 poena
783 1374 918 1425 nocentes,

330 1436 428 1485 Publica
439 1435 494 1484 crlm
505 1435 595 1483 lentam
607 1451 656 1483 non
671 1438 735 1500 capit
745 1438 780 1484 ira
790 1453 896 1490 moram.

262 1526 274 1575 5
294 1512 338 1562 Nil
353 1529 398 1577 ego
415 1517 511 1579 peccavi
525 1515 587 1571 3nisi
599 1515 618 1559 si
628 1509 732 1575 peccalle
743 1529 862 1578 vocetur,

326 1592 412 1640 Annua
430 1590 517 1639 cultori
527 1605 600 1654 poma
610 1589 695 1638 referre
707 1590 758 1638 suo.

292 1667 326 1718 At
343 1671 407 1733 prius
427 1669 570 1727 arboribus,
591 1680 643 1719 tum
661 1666 716 1715 crim
732 1667 834 1719 meliora
846 1671 915 1722 fuere

326 1749 448 1813 Tempora
460 1782 468 1807 ,
482 1761 602 1796 certamen
613 1745 742 1795 fertilitatis
752 1762 810 1797 erat.

292 1826 357 1878 Crlm
370 1826 464 1877 domini
475 1841 592 1875 memores
603 1825 668 1872 sertis
682 1841 765 1873 ornare
775 1825 887 1877 solebant

243 1910 273 1943 ¹0
324 1906 462 1970 Agricolas,
479 1904 554 1953 frustu
565 1906 733 1968 proveniente,
748 1903 822 1954 Deos.

290 1985 354 2048 Saepe
373 2000 424 2033 tuas
436 1987 522 2049 igitur,
539 1982 623 2037 Liber,
636 1985 733 2030 miratus
746 1999 769 2030 es
782 1999 838 2032 uvas
850 2002 858 2032 r

321 2063 410 2112 Mirata
422 2063 453 2111 est
467 2062 531 2111 oleas
546 2062 606 2126 saepe
616 2061 726 2109 Minerva
735 2063 794 2108 snas.

288 2141 410 2207 Pomaque
422 2138 531 2190 laesiffenr
546 2155 665 2196 matrem3
685 2141 710 2187 ni
719 2136 813 2188 subdita
825 2156 895 2190 ramo

320 2218 403 2282 longa
418 2219 536 2268 laboranti
547 2217 614 2266 furca
625 2214 714 2266 tulilset
724 2233 805 2281 opem.

240 2296 267 2341 ¹5
287 2294 351 2356 Quin
367 2299 439 2344 etiam
454 2296 564 2360 exemplo
574 2298 681 2360 pariebat
696 2295 786 2344 femina
800 2296 901 2356 nostr03

316 2373 438 2441 Nullaque
455 2390 506 2423 non
515 2374 559 2422 illo
575 2389 683 2437 tempore
697 2388 772 2422 mater
783 2388 842 2422 erat.

282 2454 314 2504 At
325 2454 448 2519 postquam
459 2453 578 2519 platanis,
592 2451 694 2500 sterilem
705 2452 863 2517 prebentibus
875 2455 993 2515 umbram,

313 2532 417 2582 Uberior
426 2534 508 2598 quavis
518 2533 602 2580 arbore
611 2533 678 2579 venit
686 2532 763 2578 honos
774 2545 783 2586 3

281 2613 332 2663 Nos
349 2628 445 2678 quoque
456 2610 591 2676 frugiferae,
607 2611 627 2656 si
640 2625 688 2657 nux
701 2605 777 2657 modb
786 2624 866 2672 ponor
877 2610 976 2671 inillis,

231 2689 261 2722 ²⁰
310 2691 435 2755 Coepimus
446 2694 471 2739 in
488 2689 577 2754 patulas
593 2688 709 2735 luxuriare
720 2702 811 2735 comae.

278 2767 348 2818 Nunc
363 2785 439 2835 neque
458 2772 584 2817 continuos
595 2767 721 2814 nascuntur
730 2769 804 2830 poma
815 2783 858 2831 per
869 2784 959 2818 annos:

309 2846 409 2913 Uvaque
427 2847 481 2897 lesa
497 2844 618 2905 domum,
637 2845 736 2910 laesaque
753 2844 825 2892 bacca
839 2848 916 2894 venit.

275 2922 347 2972 Nunc
357 2939 450 2972 uterum
460 2929 545 2980 vitiat,
563 2942 615 2991 quae
627 2924 680 2974 vult
690 2923 797 2972 formosa
809 2921 885 2973 videri
896 2943 903 2972 r

306 3001 413 3064 Raraque
431 3004 456 3048 in
473 3003 519 3050 hoc
530 3019 581 3051 aevo
593 3003 642 3062 est,
655 3019 708 3069 quae
724 2991 784 3051 silit
794 2999 842 3050 elle
852 3019 944 3067 parens.

226 3083 253 3129 ²5
273 3076 346 3128 Certi
356 3094 421 3143 ego,
436 3081 455 3126 si
468 3095 600 3145 numquam
611 3077 750 3146 peperissem
763 3115 771 3140 ‚
788 3083 862 3130 tutior
872 3079 954 3132 silem.

304 3156 349 3204 lsta
363 3156 538 3219 Clytemnestri
547 3156 620 3225 digna
631 3159 726 3227 querela
738 3159 796 3209 fuir.

273 3235 297 3283 si
312 3237 369 3286 sciat
380 3237 426 3287 hoc
437 3240 492 3292 vitis
503 3273 512 3300 ,
522 3240 643 3289 nascentes
654 3241 785 3305 supprimet
794 3255 867 3292 uuest
