2367 3992
314 443 441 520 errrt
472 450 523 519 II.
559 448 726 517 Ere—cru
753 444 800 519 V.-
832 465 834 469 ·
863 465 932 539 157

211 565 329 636 Improba
341 589 393 622 tum
404 537 465 623 verd
475 575 600 638 jungentes
614 571 697 620 oscula
710 567 774 621 vidi·
793 556 796 560 ’
887 635 890 642 Ι

150 680 152 684 >
250 650 294 698 illa
305 653 365 699 mihi
379 649 461 715 lingui
471 666 530 698 nexa
541 646 610 698 fuisse
620 649 704 714 liquet.

214 728 304 788 Qualia
313 746 357 777 nec
369 729 436 778 fratri
448 728 530 777 tulerit
541 740 655 792 germana
665 728 746 775 severo
755 742 764 784 3
949 726 977 770 ⁵5

249 803 296 854 Sed
307 806 388 855 tulerit
399 805 487 871 cupido
499 805 580 854 mollis
588 808 665 853 ainica
675 807 737 854 viro.

213 883 303 943 Qualia
313 882 425 932 credibile
436 884 481 942 est,
495 900 539 932 nec
550 884 669 932 Phoeburu
679 881 741 929 ferre
749 879 853 936 Dianaea

247 958 294 1009 Sed
310 962 427 1010 Venerem
439 963 512 1011 Marti
522 964 580 1027 saepe
592 959 670 1010 tulisse
684 962 736 1009 suo.

212 1036 281 1098 Quid
296 1039 371 1089 facis?
387 1041 494 1090 exclamo
504 1058 511 1099 3
523 1039 573 1106 qud
586 1055 650 1089 nunc
661 1054 714 1087 mea
723 1034 811 1102 gaudia
822 1031 899 1083 defers
910 1032 920 1078 i

246 1117 355 1181 Injiciam
367 1116 477 1167 dominas
489 1122 515 1166 in
526 1134 580 1166 mea
590 1121 642 1182 jura
650 1133 743 1165 manus.
952 1123 986 1169 Ψ

211 1191 271 1242 Haec
283 1195 327 1242 ribi
339 1198 386 1242 sint
396 1211 493 1244 mecum
505 1213 511 1242 :
523 1197 583 1244 mihi
596 1197 643 1242 sint
657 1194 795 1242 eommunia
806 1206 896 1240 tecuam

246 1269 273 1317 In
283 1272 350 1320 bona
361 1289 403 1321 cur
414 1276 540 1340 quisquam
552 1277 634 1322 tertius
644 1273 687 1320 ista
697 1275 779 1321 veniti

211 1344 268 1396 Hoc
278 1365 339 1413 ego,
359 1367 458 1416 quaeque
472 1349 543 1401 dolor
553 1351 641 1416 linguae
651 1348 763 1399 diuavit:
775 1362 799 1397 at
808 1346 846 1395 illi

246 1422 352 1475 Conscia
362 1445 491 1493 purpureus
502 1432 603 1480 venitin
613 1446 656 1478 ora
666 1427 755 1493 pudor.

210 1499 291 1562 Quale
300 1503 436 1556 coloratum
447 1508 547 1556 Tithoni
557 1511 659 1573 conjuge
670 1505 761 1555 coelum
950 1513 980 1563 ³5

246 1583 379 1644 Subrubet,
396 1601 437 1634 aut
447 1587 533 1650 sponso
542 1589 592 1635 visa
607 1585 687 1650 puella
700 1600 775 1633 novo.

209 1657 292 1719 Quale
300 1663 358 1710 tosae
369 1662 462 1728 fulgent
469 1667 531 1712 inter
539 1666 580 1713 sua
591 1663 643 1712 lilia
654 1667 754 1712 mixtae't

245 1737 294 1787 Aut
311 1740 352 1787 ubi
367 1744 465 1790 cantatis
476 1743 543 1790 Luna
555 1742 649 1791 laborat
659 1745 724 1806 equis
732 1760 743 1789 r>

210 1815 356 1882 A'utquod,
370 1837 399 1868 ne
411 1819 489 1884 longis
502 1819 626 1869 flavescere
637 1822 712 1883 possit
722 1820 751 1868 ab
762 1820 846 1879 annis,

245 1896 347 1945 Maeonis
359 1896 479 1960 Assyrium
487 1898 577 1947 femina
587 1901 659 1946 tinxit
668 1897 735 1944 ebur.
945 1909 984 1954 40·

209 1971 257 2020 His
268 1988 333 2033 erat,
344 1990 385 2023 aut
394 1975 466 2024 alicui
475 1975 544 2024 color
555 1975 598 2023 ille
608 1974 745 2024 simillimus
756 1975 853 2022 homme

244 2050 276 2099 Et
282 2067 417 2117 numquam
428 2055 481 2101 casu
492 2053 614 2117 pulchrior
623 2053 665 2101 illa
677 2052 732 2100 fuit.

209 2129 335 2192 Spectabat
348 2145 436 2178 terram
449 2145 553 2179 :terram
568 2133 669 2195 spedare
681 2129 789 2179 decebat.

244 2206 326 2256 Maesta
340 2211 425 2257 eratin
435 2208 503 2259 vultu
516 2227 521 2257 ε
534 2209 613 2258 maesta
623 2208 733 2259 decenter
743 2224 800 2259 erat.

209 2286 369 2348 simutant,
385 2290 504 2342 (sterant
512 2287 600 2355 culri‚)
612 2287 700 2337 laniare
713 2288 831 2355 capillos,
945 2312 977 2360 45

238 2363 269 2413 Et
280 2365 327 2412 suit
336 2368 362 2413 in
377 2379 466 2414 teneras
477 2369 579 2430 impetus
594 2370 628 2415 ire
641 2382 720 2432 genas.

208 2442 247 2490 Ut
259 2443 345 2492 faciem
356 2442 419 2504 vidi,
433 2443 505 2493 fortes
515 2443 621 2494 cecidere
631 2445 713 2493 lacerti
724 2462 731 2493 t

245 2519 349 2569 Defensa
362 2521 394 2570 est
404 2525 475 2570 armis
486 2523 564 2571 nostra
581 2521 661 2586 puella
675 2523 731 2570 suis.
749 2517 752 2523 ’

211 2597 260 2658 Qui
276 2597 357 2648 mod&
366 2602 438 2649 saevus
450 2616 530 2654 eram,
543 2599 640 2664 supplex
649 2599 763 2664 ultroque
771 2597 869 2663 rogati,
888 2645 890 2647 ,

245 2676 333 2724 Oscula
346 2693 376 2725 ne
391 2679 460 2725 trolsis
476 2676 595 2726 deteriora
613 2675 689 2725 daret.
832 2667 835 2674 ¹
852 2691 854 2700 ·
945 2684 959 2733 5
961 2685 978 2716 0

209 2754 289 2810 Risit,
307 2759 332 2804 δε
343 2759 462 2804 exanimo
473 2753 540 2804 dedit
554 2754 653 2804 oscula:
665 2753 745 2819 qualia
760 2750 853 2819 pulsent

243 2833 359 2882 Excutere
369 2838 430 2885 irato
442 2833 489 2884 tela
500 2834 595 2884 trisulca
606 2834 668 2884 Jovi.

210 2909 340 2978 Torqueor
352 2911 434 2962 infelix
439 2948 448 2974 ,
460 2928 550 2963 ueram
562 2913 626 2962 bona
637 2914 744 2962 sumserit
754 2910 826 2962 altere

244 2989 275 3039 Et
284 2991 344 3040 volo
355 3006 404 3039 non
414 3008 441 3040 ex
455 2994 503 3042 hac
512 2992 554 3041 illa
565 2989 710 3041 fuissenota.

210 3067 269 3119 Hac
279 3085 390 3136 quoque,
404 3068 476 3134 qutlm
487 3068 572 3131 docui,
585 3069 668 3120 multo
675 3069 775 3121 meliora
785 3068 907 3136 stwnsunt
915 3083 926 3124 3¹
944 3083 972 3130 55

243 3146 275 3201 Et
286 3144 403 3216 quiddam
413 3148 462 3201 visa
471 3146 504 3199 est
513 3145 651 3201 addidicisse
659 3151 728 3201 uoti.
