<?xml version="1.0" encoding="UTF-8"?>
<!DOCTYPE html PUBLIC "-//W3C//DTD XHTML 1.0 Transitional//EN"
    "http://www.w3.org/TR/xhtml1/DTD/xhtml1-transitional.dtd">
<html xmlns="http://www.w3.org/1999/xhtml" xml:lang="en" lang="en">
 <head>
  <title>
</title>
<meta http-equiv="Content-Type" content="text/html;charset=utf-8" />
  <meta name='ocr-system' content='tesseract 3.04.00' />
  <meta name='ocr-capabilities' content='ocr_page ocr_carea ocr_par ocr_line ocrx_word'/>
</head>
<body>
  <div class='ocr_page' id='page_1' title='image "./povidiinasoniso03ovidgoog_0313.png"; bbox 0 0 2367 3992; ppageno 0'>
   <div class='ocr_carea' id='block_1_1' title="bbox 253 476 900 570">
    <p class='ocr_par' dir='ltr' id='par_1_1' title="bbox 253 476 900 570">
     <span class='ocr_line' id='line_1_1' title="bbox 253 476 900 570; baseline -0.003 -21"><span class='ocrx_word' id='word_1_1' title='bbox 253 481 524 549; x_wconf 66' lang='lat' dir='ltr'>Brutum</span> <span class='ocrx_word' id='word_1_2' title='bbox 550 476 781 548; x_wconf 74' lang='lat' dir='ltr'>Arionis.</span> <span class='ocrx_word' id='word_1_3' title='bbox 835 499 900 570; x_wconf 83' lang='lat'>295</span> 
     </span>
    </p>
   </div>
   <div class='ocr_carea' id='block_1_2' title="bbox 182 598 956 3164">
    <p class='ocr_par' dir='ltr' id='par_1_2' title="bbox 182 598 956 3164">
     <span class='ocr_line' id='line_1_2' title="bbox 187 598 782 664; baseline -0.003 -14"><span class='ocrx_word' id='word_1_4' title='bbox 187 598 244 650; x_wconf 85' lang='lat' dir='ltr'>Non</span> <span class='ocrx_word' id='word_1_5' title='bbox 256 599 327 650; x_wconf 89' lang='lat' dir='ltr'>facile</span> <span class='ocrx_word' id='word_1_6' title='bbox 345 600 377 649; x_wconf 91' lang='lat' dir='ltr'>est</span> <span class='ocrx_word' id='word_1_7' title='bbox 389 599 440 650; x_wconf 76' lang='lat' dir='ltr'>visi</span> <span class='ocrx_word' id='word_1_8' title='bbox 451 614 545 649; x_wconf 90' lang='lat' dir='ltr'>taurum</span> <span class='ocrx_word' id='word_1_9' title='bbox 558 602 659 648; x_wconf 87' lang='lat' dir='ltr'>retinete</span> <span class='ocrx_word' id='word_1_10' title='bbox 671 599 782 664; x_wconf 72' lang='lat' dir='ltr'>juvenci.</span> 
     </span>
     <span class='ocr_line' id='line_1_3' title="bbox 220 675 776 744; baseline -0.002 -18"><span class='ocrx_word' id='word_1_11' title='bbox 220 679 297 727; x_wconf 76' lang='lat' dir='ltr'>Portis</span> <span class='ocrx_word' id='word_1_12' title='bbox 313 694 385 744; x_wconf 88' lang='lat' dir='ltr'>equus</span> <span class='ocrx_word' id='word_1_13' title='bbox 400 680 454 728; x_wconf 82' lang='lat' dir='ltr'>visae</span> <span class='ocrx_word' id='word_1_14' title='bbox 466 680 556 742; x_wconf 86' lang='lat' dir='ltr'>semper</span> <span class='ocrx_word' id='word_1_15' title='bbox 573 675 684 727; x_wconf 79' lang='lat' dir='ltr'>adhinnit</span> <span class='ocrx_word' id='word_1_16' title='bbox 700 693 776 743; x_wconf 79' lang='lat' dir='ltr'>eqnae.</span> 
     </span>
     <span class='ocr_line' id='line_1_4' title="bbox 186 751 953 821; baseline -0.001 -17"><span class='ocrx_word' id='word_1_17' title='bbox 186 752 244 804; x_wconf 81' lang='lat' dir='ltr'>Haec</span> <span class='ocrx_word' id='word_1_18' title='bbox 256 758 296 804; x_wconf 90' lang='lat' dir='ltr'>ubi</span> <span class='ocrx_word' id='word_1_19' title='bbox 308 756 456 821; x_wconf 71' lang='lat' dir='ltr'>prestiteris,</span> <span class='ocrx_word' id='word_1_20' title='bbox 473 772 500 805; x_wconf 91' lang='lat' dir='ltr'>ut</span> <span class='ocrx_word' id='word_1_21' title='bbox 511 754 609 805; x_wconf 80' lang='lat' dir='ltr'>tandem</span> <span class='ocrx_word' id='word_1_22' title='bbox 623 756 696 805; x_wconf 86' lang='lat' dir='ltr'>litora</span> <span class='ocrx_word' id='word_1_23' title='bbox 709 770 809 820; x_wconf 77' lang='lat' dir='ltr'>tangas,</span> <span class='ocrx_word' id='word_1_24' title='bbox 910 751 953 803; x_wconf 74' lang='lat'>⁶³5</span> 
     </span>
     <span class='ocr_line' id='line_1_5' title="bbox 220 830 680 899; baseline 0.004 -18"><span class='ocrx_word' id='word_1_25' title='bbox 220 832 277 882; x_wconf 87' lang='lat' dir='ltr'>Non</span> <span class='ocrx_word' id='word_1_26' title='bbox 289 835 342 883; x_wconf 85' lang='lat' dir='ltr'>satis</span> <span class='ocrx_word' id='word_1_27' title='bbox 358 835 390 883; x_wconf 88' lang='lat' dir='ltr'>est</span> <span class='ocrx_word' id='word_1_28' title='bbox 401 835 476 899; x_wconf 80' lang='lat' dir='ltr'>ipsam</span> <span class='ocrx_word' id='word_1_29' title='bbox 488 830 614 883; x_wconf 81' lang='lat' dir='ltr'>deseruiise</span> <span class='ocrx_word' id='word_1_30' title='bbox 626 835 680 883; x_wconf 89' lang='lat' dir='ltr'>tibi.</span> 
     </span>
     <span class='ocr_line' id='line_1_6' title="bbox 185 910 841 973; baseline 0 -13"><span class='ocrx_word' id='word_1_31' title='bbox 185 910 217 960; x_wconf 82' lang='lat' dir='ltr'>Et</span> <span class='ocrx_word' id='word_1_32' title='bbox 230 913 316 968; x_wconf 86' lang='lat' dir='ltr'>soror,</span> <span class='ocrx_word' id='word_1_33' title='bbox 330 916 355 962; x_wconf 71' lang='lat' dir='ltr'>nt</span> <span class='ocrx_word' id='word_1_34' title='bbox 368 928 445 962; x_wconf 83' lang='lat' dir='ltr'>mater</span> <span class='ocrx_word' id='word_1_35' title='bbox 455 912 551 963; x_wconf 85' lang='lat' dir='ltr'>valeant</span> <span class='ocrx_word' id='word_1_36' title='bbox 559 946 568 973; x_wconf 93' lang='lat'>‚</span> <span class='ocrx_word' id='word_1_37' title='bbox 588 917 614 962; x_wconf 77' lang='grc' dir='ltr'>δι</span> <span class='ocrx_word' id='word_1_38' title='bbox 630 913 726 962; x_wconf 83' lang='lat' dir='ltr'>conscia</span> <span class='ocrx_word' id='word_1_39' title='bbox 741 913 841 970; x_wconf 77' lang='lat' dir='ltr'>nutri13</span> 
     </span>
     <span class='ocr_line' id='line_1_7' title="bbox 219 988 757 1057; baseline 0 -19"><span class='ocrx_word' id='word_1_40' title='bbox 219 990 250 1039; x_wconf 88' lang='lat' dir='ltr'>Et</span> <span class='ocrx_word' id='word_1_41' title='bbox 270 989 385 1057; x_wconf 85' lang='lat' dir='ltr'>quicquid</span> <span class='ocrx_word' id='word_1_42' title='bbox 396 988 501 1040; x_wconf 81' lang='lat' dir='ltr'>dominae</span> <span class='ocrx_word' id='word_1_43' title='bbox 511 1006 564 1056; x_wconf 84' lang='lat' dir='ltr'>pars</span> <span class='ocrx_word' id='word_1_44' title='bbox 578 994 624 1041; x_wconf 88' lang='lat' dir='ltr'>erit</span> <span class='ocrx_word' id='word_1_45' title='bbox 634 990 685 1039; x_wconf 88' lang='lat' dir='ltr'>ulla</span> <span class='ocrx_word' id='word_1_46' title='bbox 701 999 757 1040; x_wconf 75' lang='lat' dir='ltr'>tute.</span> 
     </span>
     <span class='ocr_line' id='line_1_8' title="bbox 185 1066 791 1119; baseline -0.002 -2"><span class='ocrx_word' id='word_1_47' title='bbox 185 1066 238 1117; x_wconf 87' lang='lat' dir='ltr'>Nec</span> <span class='ocrx_word' id='word_1_48' title='bbox 252 1071 332 1119; x_wconf 83' lang='lat' dir='ltr'>veniat</span> <span class='ocrx_word' id='word_1_49' title='bbox 349 1071 428 1118; x_wconf 89' lang='lat' dir='ltr'>servus</span> <span class='ocrx_word' id='word_1_50' title='bbox 439 1088 445 1117; x_wconf 79' lang='lat' dir='ltr'>e</span> <span class='ocrx_word' id='word_1_51' title='bbox 457 1087 501 1118; x_wconf 87' lang='lat' dir='ltr'>nec</span> <span class='ocrx_word' id='word_1_52' title='bbox 512 1067 571 1118; x_wconf 87' lang='lat' dir='ltr'>flens</span> <span class='ocrx_word' id='word_1_53' title='bbox 583 1068 698 1117; x_wconf 88' lang='lat' dir='ltr'>ancillula</span> <span class='ocrx_word' id='word_1_54' title='bbox 708 1066 791 1116; x_wconf 72' lang='lat' dir='ltr'>fitium</span> 
     </span>
     <span class='ocr_line' id='line_1_9' title="bbox 218 1135 956 1212; baseline -0.001 -18"><span class='ocrx_word' id='word_1_55' title='bbox 218 1147 361 1212; x_wconf 80' lang='lat' dir='ltr'>Suppliciter</span> <span class='ocrx_word' id='word_1_56' title='bbox 375 1143 480 1194; x_wconf 84' lang='lat' dir='ltr'>dominae</span> <span class='ocrx_word' id='word_1_57' title='bbox 493 1149 593 1194; x_wconf 89' lang='lat' dir='ltr'>nomine</span> <span class='ocrx_word' id='word_1_58' title='bbox 604 1143 686 1205; x_wconf 85' lang='lat' dir='ltr'>dicat,</span> <span class='ocrx_word' id='word_1_59' title='bbox 697 1147 756 1194; x_wconf 79' lang='lat' dir='ltr'>Ave.</span> <span class='ocrx_word' id='word_1_60' title='bbox 907 1135 956 1187; x_wconf 77' lang='lat'>⁶4⁰</span> 
     </span>
     <span class='ocr_line' id='line_1_10' title="bbox 184 1221 888 1288; baseline -0.001 -16"><span class='ocrx_word' id='word_1_61' title='bbox 184 1221 259 1283; x_wconf 89' lang='lat' dir='ltr'>Nec,</span> <span class='ocrx_word' id='word_1_62' title='bbox 276 1227 296 1272; x_wconf 84' lang='lat' dir='ltr'>si</span> <span class='ocrx_word' id='word_1_63' title='bbox 310 1225 369 1272; x_wconf 83' lang='lat' dir='ltr'>scire</span> <span class='ocrx_word' id='word_1_64' title='bbox 379 1223 461 1277; x_wconf 86' lang='lat' dir='ltr'>voles.</span> <span class='ocrx_word' id='word_1_65' title='bbox 478 1221 537 1288; x_wconf 88' lang='lat' dir='ltr'>quid</span> <span class='ocrx_word' id='word_1_66' title='bbox 547 1238 604 1287; x_wconf 81' lang='lat' dir='ltr'>agat</span> <span class='ocrx_word' id='word_1_67' title='bbox 620 1222 771 1282; x_wconf 71' lang='lat' dir='ltr'>tamenin,</span> <span class='ocrx_word' id='word_1_68' title='bbox 785 1223 888 1288; x_wconf 77' lang='lat' dir='ltr'><strong>rogabis.</strong></span> 
     </span>
     <span class='ocr_line' id='line_1_11' title="bbox 218 1299 716 1364; baseline -0.002 -15"><span class='ocrx_word' id='word_1_69' title='bbox 218 1299 302 1349; x_wconf 83' lang='lat' dir='ltr'>Profer</span> <span class='ocrx_word' id='word_1_70' title='bbox 314 1319 320 1348; x_wconf 71' lang='grc' dir='ltr'><strong>ι</strong></span> <span class='ocrx_word' id='word_1_71' title='bbox 330 1304 374 1350; x_wconf 90' lang='lat' dir='ltr'>erit</span> <span class='ocrx_word' id='word_1_72' title='bbox 386 1300 453 1350; x_wconf 90' lang='lat' dir='ltr'>iucro</span> <span class='ocrx_word' id='word_1_73' title='bbox 466 1300 548 1364; x_wconf 78' lang='lat' dir='ltr'>lingua</span> <span class='ocrx_word' id='word_1_74' title='bbox 559 1315 651 1349; x_wconf 88' lang='lat' dir='ltr'>retenta</span> <span class='ocrx_word' id='word_1_75' title='bbox 663 1302 716 1349; x_wconf 91' lang='lat' dir='ltr'>suo.</span> 
     </span>
     <span class='ocr_line' id='line_1_12' title="bbox 184 1375 807 1446; baseline -0.003 -18"><span class='ocrx_word' id='word_1_76' title='bbox 184 1379 224 1429; x_wconf 88' lang='lat' dir='ltr'>Tu</span> <span class='ocrx_word' id='word_1_77' title='bbox 245 1395 341 1446; x_wconf 88' lang='lat' dir='ltr'>quoque</span> <span class='ocrx_word' id='word_1_78' title='bbox 351 1414 360 1439; x_wconf 84' lang='lat'>,</span> <span class='ocrx_word' id='word_1_79' title='bbox 371 1381 412 1445; x_wconf 89' lang='lat' dir='ltr'>qui</span> <span class='ocrx_word' id='word_1_80' title='bbox 428 1380 523 1428; x_wconf 77' lang='lat' dir='ltr'>causam</span> <span class='ocrx_word' id='word_1_81' title='bbox 533 1375 597 1426; x_wconf 87' lang='lat' dir='ltr'>finiti</span> <span class='ocrx_word' id='word_1_82' title='bbox 607 1376 687 1428; x_wconf 85' lang='lat' dir='ltr'>reddis</span> <span class='ocrx_word' id='word_1_83' title='bbox 698 1380 786 1427; x_wconf 81' lang='lat' dir='ltr'>amoris</span> <span class='ocrx_word' id='word_1_84' title='bbox 798 1412 807 1438; x_wconf 90' lang='lat'>‚</span> 
     </span>
     <span class='ocr_line' id='line_1_13' title="bbox 216 1454 784 1522; baseline -0.004 -17"><span class='ocrx_word' id='word_1_85' title='bbox 216 1456 302 1522; x_wconf 85' lang='lat' dir='ltr'>Deque</span> <span class='ocrx_word' id='word_1_86' title='bbox 314 1473 353 1506; x_wconf 88' lang='lat' dir='ltr'>tua</span> <span class='ocrx_word' id='word_1_87' title='bbox 365 1455 465 1506; x_wconf 76' lang='lat' dir='ltr'>domini</span> <span class='ocrx_word' id='word_1_88' title='bbox 476 1455 553 1505; x_wconf 85' lang='lat' dir='ltr'>multa</span> <span class='ocrx_word' id='word_1_89' title='bbox 566 1454 687 1521; x_wconf 86' lang='lat' dir='ltr'>querenda</span> <span class='ocrx_word' id='word_1_90' title='bbox 697 1456 784 1514; x_wconf 76' lang='lat' dir='ltr'>refers5</span> 
     </span>
     <span class='ocr_line' id='line_1_14' title="bbox 184 1531 952 1600; baseline 0 -17"><span class='ocrx_word' id='word_1_91' title='bbox 184 1534 257 1583; x_wconf 82' lang='lat' dir='ltr'>Parce</span> <span class='ocrx_word' id='word_1_92' title='bbox 274 1537 341 1600; x_wconf 89' lang='lat' dir='ltr'>queri</span> <span class='ocrx_word' id='word_1_93' title='bbox 349 1554 355 1582; x_wconf 74' lang='grc' dir='ltr'><strong><em>ι</em></strong></span> <span class='ocrx_word' id='word_1_94' title='bbox 363 1534 448 1584; x_wconf 78' lang='lat' dir='ltr'>melitis</span> <span class='ocrx_word' id='word_1_95' title='bbox 459 1537 492 1583; x_wconf 88' lang='lat' dir='ltr'>sic</span> <span class='ocrx_word' id='word_1_96' title='bbox 504 1533 616 1584; x_wconf 65' lang='lat' dir='ltr'>ulciscire</span> <span class='ocrx_word' id='word_1_97' title='bbox 628 1531 748 1593; x_wconf 81' lang='lat' dir='ltr'>racend03</span> <span class='ocrx_word' id='word_1_98' title='bbox 907 1538 952 1588; x_wconf 78' lang='lat'>645</span> 
     </span>
     <span class='ocr_line' id='line_1_15' title="bbox 216 1610 630 1662; baseline 0.002 -2"><span class='ocrx_word' id='word_1_99' title='bbox 216 1611 284 1660; x_wconf 88' lang='lat' dir='ltr'>Dum</span> <span class='ocrx_word' id='word_1_100' title='bbox 297 1610 418 1662; x_wconf 84' lang='lat' dir='ltr'>desideriis</span> <span class='ocrx_word' id='word_1_101' title='bbox 429 1612 511 1662; x_wconf 87' lang='lat' dir='ltr'>effluat</span> <span class='ocrx_word' id='word_1_102' title='bbox 521 1613 564 1662; x_wconf 84' lang='lat' dir='ltr'>iiia</span> <span class='ocrx_word' id='word_1_103' title='bbox 575 1615 630 1662; x_wconf 88' lang='lat' dir='ltr'>tuis.</span> 
     </span>
     <span class='ocr_line' id='line_1_16' title="bbox 183 1687 779 1758; baseline 0.007 -20"><span class='ocrx_word' id='word_1_104' title='bbox 183 1687 216 1738; x_wconf 83' lang='lat' dir='ltr'>Et</span> <span class='ocrx_word' id='word_1_105' title='bbox 233 1689 317 1738; x_wconf 85' lang='lat' dir='ltr'>malim</span> <span class='ocrx_word' id='word_1_106' title='bbox 337 1704 429 1750; x_wconf 81' lang='lat' dir='ltr'>taceas,</span> <span class='ocrx_word' id='word_1_107' title='bbox 447 1689 521 1756; x_wconf 69' lang='lat' dir='ltr'>quim</span> <span class='ocrx_word' id='word_1_108' title='bbox 535 1706 557 1739; x_wconf 86' lang='lat' dir='ltr'>te</span> <span class='ocrx_word' id='word_1_109' title='bbox 568 1687 654 1740; x_wconf 78' lang='lat' dir='ltr'>desiise</span> <span class='ocrx_word' id='word_1_110' title='bbox 665 1691 779 1758; x_wconf 82' lang='lat' dir='ltr'>loquaris.</span> 
     </span>
     <span class='ocr_line' id='line_1_17' title="bbox 218 1765 834 1828; baseline 0.01 -15"><span class='ocrx_word' id='word_1_111' title='bbox 218 1765 267 1827; x_wconf 89' lang='lat' dir='ltr'>Qui</span> <span class='ocrx_word' id='word_1_112' title='bbox 280 1767 383 1814; x_wconf 79' lang='lat' dir='ltr'>nimium</span> <span class='ocrx_word' id='word_1_113' title='bbox 399 1767 482 1815; x_wconf 85' lang='lat' dir='ltr'>multis</span> <span class='ocrx_word' id='word_1_114' title='bbox 494 1800 503 1826; x_wconf 88' lang='lat'>,</span> <span class='ocrx_word' id='word_1_115' title='bbox 514 1767 573 1817; x_wconf 89' lang='lat' dir='ltr'>Nou</span> <span class='ocrx_word' id='word_1_116' title='bbox 583 1785 640 1817; x_wconf 84' lang='lat' dir='ltr'>amo</span> <span class='ocrx_word' id='word_1_117' title='bbox 650 1803 659 1828; x_wconf 89' lang='lat'>,</span> <span class='ocrx_word' id='word_1_118' title='bbox 670 1767 745 1828; x_wconf 79' lang='lat' dir='ltr'>dicit3</span> <span class='ocrx_word' id='word_1_119' title='bbox 760 1785 834 1819; x_wconf 86' lang='lat' dir='ltr'>amat.</span> 
     </span>
     <span class='ocr_line' id='line_1_18' title="bbox 182 1842 807 1911; baseline 0 -17"><span class='ocrx_word' id='word_1_120' title='bbox 182 1843 231 1894; x_wconf 76' lang='lat' dir='ltr'>Sed</span> <span class='ocrx_word' id='word_1_121' title='bbox 250 1844 351 1893; x_wconf 84' lang='lat' dir='ltr'>meliore</span> <span class='ocrx_word' id='word_1_122' title='bbox 367 1842 415 1893; x_wconf 82' lang='lat' dir='ltr'>fide</span> <span class='ocrx_word' id='word_1_123' title='bbox 431 1843 548 1910; x_wconf 83' lang='lat' dir='ltr'>paulatim</span> <span class='ocrx_word' id='word_1_124' title='bbox 566 1848 712 1910; x_wconf 82' lang='lat' dir='ltr'>extinguitur</span> <span class='ocrx_word' id='word_1_125' title='bbox 729 1848 807 1911; x_wconf 77' lang='lat' dir='ltr'>ignis,</span> 
     </span>
     <span class='ocr_line' id='line_1_19' title="bbox 217 1920 956 1992; baseline 0.008 -21"><span class='ocrx_word' id='word_1_126' title='bbox 217 1922 299 1984; x_wconf 78' lang='lat' dir='ltr'>Quim</span> <span class='ocrx_word' id='word_1_127' title='bbox 314 1922 394 1972; x_wconf 78' lang='lat' dir='ltr'>subitd</span> <span class='ocrx_word' id='word_1_128' title='bbox 406 1942 412 1972; x_wconf 75' lang='grc' dir='ltr'>ε</span> <span class='ocrx_word' id='word_1_129' title='bbox 425 1920 489 1971; x_wconf 71' lang='lat' dir='ltr'>iente</span> <span class='ocrx_word' id='word_1_130' title='bbox 499 1920 579 1972; x_wconf 87' lang='lat' dir='ltr'>desine</span> <span class='ocrx_word' id='word_1_131' title='bbox 592 1941 600 1982; x_wconf 80' lang='lat'>3</span> <span class='ocrx_word' id='word_1_132' title='bbox 613 1937 678 1972; x_wconf 85' lang='lat' dir='ltr'>tutus</span> <span class='ocrx_word' id='word_1_133' title='bbox 688 1925 743 1973; x_wconf 86' lang='lat' dir='ltr'>eris.</span> <span class='ocrx_word' id='word_1_134' title='bbox 907 1939 956 1992; x_wconf 76' lang='lat'>650</span> 
     </span>
     <span class='ocr_line' id='line_1_20' title="bbox 183 2000 768 2068; baseline -0.002 -17"><span class='ocrx_word' id='word_1_135' title='bbox 183 2001 294 2051; x_wconf 69' lang='lat' dir='ltr'>flumine</span> <span class='ocrx_word' id='word_1_136' title='bbox 310 2017 425 2068; x_wconf 86' lang='lat' dir='ltr'>perpetuo</span> <span class='ocrx_word' id='word_1_137' title='bbox 441 2015 533 2050; x_wconf 88' lang='lat' dir='ltr'>torrens</span> <span class='ocrx_word' id='word_1_138' title='bbox 549 2000 611 2049; x_wconf 90' lang='lat' dir='ltr'>solet</span> <span class='ocrx_word' id='word_1_139' title='bbox 627 2001 703 2050; x_wconf 80' lang='lat' dir='ltr'>atritis</span> <span class='ocrx_word' id='word_1_140' title='bbox 717 2005 768 2051; x_wconf 80' lang='lat' dir='ltr'>iret</span> 
     </span>
     <span class='ocr_line' id='line_1_21' title="bbox 217 2078 856 2146; baseline 0 -17"><span class='ocrx_word' id='word_1_141' title='bbox 217 2078 263 2130; x_wconf 85' lang='lat' dir='ltr'>Sed</span> <span class='ocrx_word' id='word_1_142' title='bbox 282 2096 362 2130; x_wconf 85' lang='lat' dir='ltr'>tamen</span> <span class='ocrx_word' id='word_1_143' title='bbox 381 2083 432 2130; x_wconf 81' lang='lat' dir='ltr'>haec</span> <span class='ocrx_word' id='word_1_144' title='bbox 450 2079 527 2130; x_wconf 81' lang='lat' dir='ltr'>breuis</span> <span class='ocrx_word' id='word_1_145' title='bbox 541 2079 591 2140; x_wconf 86' lang='lat' dir='ltr'>est,</span> <span class='ocrx_word' id='word_1_146' title='bbox 607 2079 651 2128; x_wconf 85' lang='lat' dir='ltr'>illa</span> <span class='ocrx_word' id='word_1_147' title='bbox 665 2081 773 2145; x_wconf 86' lang='lat' dir='ltr'>perennis</span> <span class='ocrx_word' id='word_1_148' title='bbox 786 2095 856 2146; x_wconf 85' lang='lat' dir='ltr'>aqua.</span> 
     </span>
     <span class='ocr_line' id='line_1_22' title="bbox 184 2154 888 2219; baseline -0.007 -9"><span class='ocrx_word' id='word_1_149' title='bbox 184 2159 281 2219; x_wconf 80' lang='lat' dir='ltr'>fallat,</span> <span class='ocrx_word' id='word_1_150' title='bbox 298 2164 322 2209; x_wconf 74' lang='grc' dir='ltr'>δι</span> <span class='ocrx_word' id='word_1_151' title='bbox 340 2163 365 2208; x_wconf 87' lang='lat' dir='ltr'>in</span> <span class='ocrx_word' id='word_1_152' title='bbox 378 2174 458 2208; x_wconf 84' lang='lat' dir='ltr'>tenues</span> <span class='ocrx_word' id='word_1_153' title='bbox 469 2154 582 2208; x_wconf 87' lang='lat' dir='ltr'>evanidus</span> <span class='ocrx_word' id='word_1_154' title='bbox 599 2172 666 2207; x_wconf 86' lang='lat' dir='ltr'>exeat</span> <span class='ocrx_word' id='word_1_155' title='bbox 680 2174 764 2219; x_wconf 84' lang='lat' dir='ltr'>auras,</span> <span class='ocrx_word' id='word_1_156' title='bbox 886 2162 888 2166; x_wconf 88' lang='lat'>&#39;</span> 
     </span>
     <span class='ocr_line' id='line_1_23' title="bbox 216 2234 734 2304; baseline 0 -18"><span class='ocrx_word' id='word_1_157' title='bbox 216 2239 306 2304; x_wconf 82' lang='lat' dir='ltr'>Perque</span> <span class='ocrx_word' id='word_1_158' title='bbox 316 2234 402 2302; x_wconf 81' lang='lat' dir='ltr'>grsdus</span> <span class='ocrx_word' id='word_1_159' title='bbox 418 2236 503 2285; x_wconf 85' lang='lat' dir='ltr'>molles</span> <span class='ocrx_word' id='word_1_160' title='bbox 515 2239 646 2286; x_wconf 86' lang='lat' dir='ltr'>emoriatur</span> <span class='ocrx_word' id='word_1_161' title='bbox 656 2253 734 2286; x_wconf 80' lang='lat' dir='ltr'>amor.</span> 
     </span>
     <span class='ocr_line' id='line_1_24' title="bbox 184 2312 951 2382; baseline 0.003 -17"><span class='ocrx_word' id='word_1_162' title='bbox 184 2313 231 2365; x_wconf 83' lang='lat' dir='ltr'>Sed</span> <span class='ocrx_word' id='word_1_163' title='bbox 247 2314 322 2365; x_wconf 74' lang='lat' dir='ltr'>modd</span> <span class='ocrx_word' id='word_1_164' title='bbox 332 2315 444 2365; x_wconf 69' lang='lat' dir='ltr'>diiediam</span> <span class='ocrx_word' id='word_1_165' title='bbox 458 2316 532 2365; x_wconf 77' lang='lat' dir='ltr'>scelus</span> <span class='ocrx_word' id='word_1_166' title='bbox 547 2316 579 2365; x_wconf 86' lang='lat' dir='ltr'>est</span> <span class='ocrx_word' id='word_1_167' title='bbox 590 2312 666 2365; x_wconf 79' lang='lat' dir='ltr'>odiiie</span> <span class='ocrx_word' id='word_1_168' title='bbox 677 2315 799 2382; x_wconf 82' lang='lat' dir='ltr'>puellam:</span> <span class='ocrx_word' id='word_1_169' title='bbox 900 2329 951 2381; x_wconf 51' lang='lat'>&gt;655</span> 
     </span>
     <span class='ocr_line' id='line_1_25' title="bbox 217 2393 715 2459; baseline 0.002 -17"><span class='ocrx_word' id='word_1_170' title='bbox 217 2393 299 2443; x_wconf 84' lang='lat' dir='ltr'>Exitus</span> <span class='ocrx_word' id='word_1_171' title='bbox 309 2398 409 2459; x_wconf 72' lang='lat' dir='ltr'>ingeniis</span> <span class='ocrx_word' id='word_1_172' title='bbox 424 2399 537 2445; x_wconf 87' lang='lat' dir='ltr'>convenit</span> <span class='ocrx_word' id='word_1_173' title='bbox 555 2395 596 2443; x_wconf 87' lang='lat' dir='ltr'>iste</span> <span class='ocrx_word' id='word_1_174' title='bbox 611 2394 675 2444; x_wconf 85' lang='lat' dir='ltr'>feris.</span> <span class='ocrx_word' id='word_1_175' title='bbox 712 2445 715 2451; x_wconf 64' lang='grc'><em>,</em></span> 
     </span>
     <span class='ocr_line' id='line_1_26' title="bbox 185 2471 791 2538; baseline -0.002 -15"><span class='ocrx_word' id='word_1_176' title='bbox 185 2473 256 2523; x_wconf 89' lang='lat' dir='ltr'>Nunc</span> <span class='ocrx_word' id='word_1_177' title='bbox 268 2490 349 2523; x_wconf 82' lang='lat' dir='ltr'>curare</span> <span class='ocrx_word' id='word_1_178' title='bbox 362 2475 397 2522; x_wconf 85' lang='lat' dir='ltr'>sat</span> <span class='ocrx_word' id='word_1_179' title='bbox 410 2473 442 2522; x_wconf 90' lang='lat' dir='ltr'>est</span> <span class='ocrx_word' id='word_1_180' title='bbox 453 2491 459 2521; x_wconf 74' lang='grc' dir='ltr'><strong>ι</strong></span> <span class='ocrx_word' id='word_1_181' title='bbox 470 2471 529 2522; x_wconf 86' lang='lat' dir='ltr'>odio</span> <span class='ocrx_word' id='word_1_182' title='bbox 541 2475 582 2538; x_wconf 90' lang='lat' dir='ltr'>qui</span> <span class='ocrx_word' id='word_1_183' title='bbox 599 2471 654 2520; x_wconf 85' lang='lat' dir='ltr'>finit</span> <span class='ocrx_word' id='word_1_184' title='bbox 664 2489 791 2530; x_wconf 86' lang='lat' dir='ltr'>amorem,</span> 
     </span>
     <span class='ocr_line' id='line_1_27' title="bbox 217 2547 731 2616; baseline -0.004 -15"><span class='ocrx_word' id='word_1_185' title='bbox 217 2551 264 2601; x_wconf 77' lang='lat' dir='ltr'>Aut</span> <span class='ocrx_word' id='word_1_186' title='bbox 275 2567 340 2601; x_wconf 81' lang='lat' dir='ltr'>amat</span> <span class='ocrx_word' id='word_1_187' title='bbox 347 2587 355 2611; x_wconf 91' lang='lat'>,</span> <span class='ocrx_word' id='word_1_188' title='bbox 368 2567 409 2600; x_wconf 86' lang='lat' dir='ltr'>aut</span> <span class='ocrx_word' id='word_1_189' title='bbox 422 2567 482 2616; x_wconf 80' lang='lat' dir='ltr'>aegre</span> <span class='ocrx_word' id='word_1_190' title='bbox 494 2549 585 2600; x_wconf 80' lang='lat' dir='ltr'>desinet</span> <span class='ocrx_word' id='word_1_191' title='bbox 596 2547 642 2598; x_wconf 81' lang='lat' dir='ltr'>effe</span> <span class='ocrx_word' id='word_1_192' title='bbox 651 2553 731 2599; x_wconf 71' lang='lat' dir='ltr'>miser,</span> 
     </span>
     <span class='ocr_line' id='line_1_28' title="bbox 184 2626 886 2694; baseline 0.003 -16"><span class='ocrx_word' id='word_1_193' title='bbox 184 2629 264 2694; x_wconf 84' lang='lat' dir='ltr'>Turpe</span> <span class='ocrx_word' id='word_1_194' title='bbox 275 2633 312 2678; x_wconf 87' lang='lat' dir='ltr'>vir</span> <span class='ocrx_word' id='word_1_195' title='bbox 329 2632 354 2677; x_wconf 72' lang='lat' dir='ltr'>&amp;c</span> <span class='ocrx_word' id='word_1_196' title='bbox 364 2629 465 2688; x_wconf 88' lang='lat' dir='ltr'>mulier,</span> <span class='ocrx_word' id='word_1_197' title='bbox 480 2631 554 2694; x_wconf 60' lang='lat' dir='ltr'>juniii</span> <span class='ocrx_word' id='word_1_198' title='bbox 565 2626 658 2689; x_wconf 75' lang='lat' dir='ltr'>modd,</span> <span class='ocrx_word' id='word_1_199' title='bbox 672 2632 781 2694; x_wconf 86' lang='lat' dir='ltr'>protinus</span> <span class='ocrx_word' id='word_1_200' title='bbox 790 2630 868 2688; x_wconf 83' lang='lat' dir='ltr'>hostes</span> <span class='ocrx_word' id='word_1_201' title='bbox 879 2649 886 2680; x_wconf 79' lang='lat' dir='ltr'>t</span> 
     </span>
     <span class='ocr_line' id='line_1_29' title="bbox 217 2705 953 2782; baseline -0.004 -25"><span class='ocrx_word' id='word_1_202' title='bbox 217 2707 276 2757; x_wconf 86' lang='lat' dir='ltr'>Non</span> <span class='ocrx_word' id='word_1_203' title='bbox 287 2706 339 2754; x_wconf 86' lang='lat' dir='ltr'>illas</span> <span class='ocrx_word' id='word_1_204' title='bbox 350 2705 403 2755; x_wconf 90' lang='lat' dir='ltr'>lites</span> <span class='ocrx_word' id='word_1_205' title='bbox 415 2708 501 2773; x_wconf 78' lang='lat' dir='ltr'>Appias</span> <span class='ocrx_word' id='word_1_206' title='bbox 512 2709 562 2771; x_wconf 86' lang='lat' dir='ltr'>ipsa</span> <span class='ocrx_word' id='word_1_207' title='bbox 572 2706 668 2772; x_wconf 84' lang='lat' dir='ltr'>probat.</span> <span class='ocrx_word' id='word_1_208' title='bbox 905 2741 953 2782; x_wconf 79' lang='lat'>660</span> 
     </span>
     <span class='ocr_line' id='line_1_30' title="bbox 184 2783 856 2851; baseline -0.003 -15"><span class='ocrx_word' id='word_1_209' title='bbox 184 2789 250 2851; x_wconf 72' lang='lat' dir='ltr'>Saepe</span> <span class='ocrx_word' id='word_1_210' title='bbox 265 2802 314 2834; x_wconf 86' lang='lat' dir='ltr'>reas</span> <span class='ocrx_word' id='word_1_211' title='bbox 330 2784 442 2847; x_wconf 85' lang='lat' dir='ltr'>faciunt,</span> <span class='ocrx_word' id='word_1_212' title='bbox 462 2789 597 2835; x_wconf 78' lang='lat' dir='ltr'>&amp;amante</span> <span class='ocrx_word' id='word_1_213' title='bbox 611 2787 653 2833; x_wconf 92' lang='lat' dir='ltr'>ubi</span> <span class='ocrx_word' id='word_1_214' title='bbox 667 2784 734 2833; x_wconf 89' lang='lat' dir='ltr'>nulla</span> <span class='ocrx_word' id='word_1_215' title='bbox 748 2783 856 2835; x_wconf 73' lang='lat' dir='ltr'>simultas</span> 
     </span>
     <span class='ocr_line' id='line_1_31' title="bbox 218 2861 738 2922; baseline -0.002 -10"><span class='ocrx_word' id='word_1_216' title='bbox 218 2862 322 2922; x_wconf 88' lang='lat' dir='ltr'>incidit,</span> <span class='ocrx_word' id='word_1_217' title='bbox 340 2861 465 2912; x_wconf 85' lang='lat' dir='ltr'>admonitu</span> <span class='ocrx_word' id='word_1_218' title='bbox 483 2863 543 2912; x_wconf 90' lang='lat' dir='ltr'>liber</span> <span class='ocrx_word' id='word_1_219' title='bbox 555 2865 648 2912; x_wconf 82' lang='lat' dir='ltr'>aberrat</span> <span class='ocrx_word' id='word_1_220' title='bbox 661 2878 738 2912; x_wconf 86' lang='lat' dir='ltr'>amor.</span> 
     </span>
     <span class='ocr_line' id='line_1_32' title="bbox 184 2939 829 3006; baseline -0.003 -13"><span class='ocrx_word' id='word_1_221' title='bbox 184 2945 256 2993; x_wconf 80' lang='lat' dir='ltr'>Forte</span> <span class='ocrx_word' id='word_1_222' title='bbox 269 2939 364 2990; x_wconf 86' lang='lat' dir='ltr'>aderam</span> <span class='ocrx_word' id='word_1_223' title='bbox 378 2944 472 3006; x_wconf 88' lang='lat' dir='ltr'>juveni:</span> <span class='ocrx_word' id='word_1_224' title='bbox 483 2939 610 2991; x_wconf 87' lang='lat' dir='ltr'>dominam</span> <span class='ocrx_word' id='word_1_225' title='bbox 620 2941 703 2990; x_wconf 67' lang='lat' dir='ltr'>lestica</span> <span class='ocrx_word' id='word_1_226' title='bbox 715 2942 829 2992; x_wconf 79' lang='lat' dir='ltr'>tenebat:</span> 
     </span>
     <span class='ocr_line' id='line_1_33' title="bbox 218 3020 714 3071; baseline -0.006 -1"><span class='ocrx_word' id='word_1_227' title='bbox 218 3021 353 3070; x_wconf 77' lang='lat' dir='ltr'>Horrebant</span> <span class='ocrx_word' id='word_1_228' title='bbox 372 3021 438 3069; x_wconf 75' lang='lat' dir='ltr'>sevis</span> <span class='ocrx_word' id='word_1_229' title='bbox 451 3024 533 3070; x_wconf 84' lang='lat' dir='ltr'>omnia</span> <span class='ocrx_word' id='word_1_230' title='bbox 548 3020 621 3071; x_wconf 83' lang='lat' dir='ltr'>verba</span> <span class='ocrx_word' id='word_1_231' title='bbox 634 3023 714 3070; x_wconf 88' lang='lat' dir='ltr'>minis.</span> 
     </span>
     <span class='ocr_line' id='line_1_34' title="bbox 184 3097 950 3164; baseline -0.005 -14"><span class='ocrx_word' id='word_1_232' title='bbox 184 3100 284 3164; x_wconf 80' lang='lat' dir='ltr'>Jamque</span> <span class='ocrx_word' id='word_1_233' title='bbox 304 3097 449 3158; x_wconf 79' lang='lat' dir='ltr'>vadaturus,</span> <span class='ocrx_word' id='word_1_234' title='bbox 467 3098 561 3148; x_wconf 67' lang='lat' dir='ltr'>Leeiiei</span> <span class='ocrx_word' id='word_1_235' title='bbox 579 3097 697 3164; x_wconf 84' lang='lat' dir='ltr'>prodeat,</span> <span class='ocrx_word' id='word_1_236' title='bbox 717 3101 805 3164; x_wconf 83' lang='lat' dir='ltr'>inquit.</span> <span class='ocrx_word' id='word_1_237' title='bbox 905 3101 950 3154; x_wconf 82' lang='lat'>665</span> 
     </span>
    </p>
   </div>
   <div class='ocr_carea' id='block_1_3' title="bbox 218 3175 798 3304">
    <p class='ocr_par' dir='ltr' id='par_1_3' title="bbox 218 3175 798 3304">
     <span class='ocr_line' id='line_1_35' title="bbox 218 3175 707 3244; baseline 0.002 -19"><span class='ocrx_word' id='word_1_238' title='bbox 218 3175 355 3229; x_wconf 77' lang='lat' dir='ltr'>Prodieratt</span> <span class='ocrx_word' id='word_1_239' title='bbox 366 3177 417 3230; x_wconf 76' lang='lat' dir='ltr'>visi</span> <span class='ocrx_word' id='word_1_240' title='bbox 428 3179 529 3244; x_wconf 77' lang='lat' dir='ltr'>conjuge</span> <span class='ocrx_word' id='word_1_241' title='bbox 535 3211 545 3242; x_wconf 89' lang='lat'>‚</span> <span class='ocrx_word' id='word_1_242' title='bbox 557 3192 638 3229; x_wconf 86' lang='lat' dir='ltr'>mutus</span> <span class='ocrx_word' id='word_1_243' title='bbox 647 3191 707 3228; x_wconf 80' lang='lat' dir='ltr'>erat.</span> 
     </span>
     <span class='ocr_line' id='line_1_36' title="bbox 733 3251 798 3304; baseline 0 -2"><span class='ocrx_word' id='word_1_244' title='bbox 733 3251 758 3303; x_wconf 90' lang='lat' dir='ltr'><strong>N</strong></span> <span class='ocrx_word' id='word_1_245' title='bbox 773 3253 798 3304; x_wconf 81' lang='lat' dir='ltr'>iv</span> 
     </span>
    </p>
   </div>
   <div class='ocr_carea' id='block_1_4' title="bbox 0 0 1188 3992">
    <p class='ocr_par' dir='ltr' id='par_1_4' title="bbox 0 0 1188 3992">
     <span class='ocr_line' id='line_1_37' title="bbox 0 0 1188 3992; baseline 0 0"><span class='ocrx_word' id='word_1_246' title='bbox 0 0 1188 3992; x_wconf 95' lang='lat' dir='ltr'> </span> 
     </span>
    </p>
   </div>
  </div>
 </body>
</html>
