2367 3992
332 425 593 494 Hunorum.
618 422 802 492 EnXX..
850 411 928 508 109'

200 549 272 613 Spem
283 545 347 595 mihi
358 560 384 594 tu
395 543 509 594 dederas:
522 560 589 594 meus
599 545 639 592 hic
649 544 694 593 tibi
702 540 804 592 credidit
817 540 902 592 ardore

234 625 291 674 Non
302 637 370 688 potes
380 625 427 672 hoc
439 623 526 672 fitium
538 623 594 672 teste
604 639 690 687 negare
701 619 763 670 Dee.

198 703 304 763 Adfuit,
321 707 347 752 ὅ(
358 703 472 767 praesens,
490 717 517 750 ut
527 716 611 760 erant,
629 716 670 749 tua
679 702 752 750 verba
761 703 855 754 notavit
865 721 872 749 ι

233 783 264 832 Et
279 781 329 844 visa
343 781 376 828 est
391 779 460 829 moti
475 778 536 828 diua
549 776 658 844 probaffe
669 778 750 828 corui.

197 859 335 924 Deceptam
345 857 410 907 dicas
419 857 498 907 nostri
506 873 529 907 te
541 857 623 908 fraude
635 846 734 918 licebii,

232 937 299 986 Dum
310 936 400 985 fraudis
410 936 495 985 nosttae
507 938 575 985 causa
588 936 677 986 feratur
690 953 767 986 amor.

197 1016 272 1065 fraus
282 1031 338 1063 mea
352 1013 412 1080 quid
423 1017 508 1078 petiit,
519 1017 564 1064 nisi
575 1018 610 1062 uti
623 1017 667 1064 tibi
677 1019 786 1080 jungerer
796 1017 856 1065 unii

234 1091 263 1144 ld
273 1109 328 1152 me,
341 1091 409 1158 quod
420 1095 523 1157 quereris
535 1127 543 1151 ‚
557 1093 685 1141 conciliare
697 1094 780 1157 potest.

199 1171 258 1222 Non
269 1187 315 1235 ego
328 1170 429 1228 naturi,
441 1186 486 1219 nec
498 1171 550 1218 sum
562 1185 612 1218 tam
622 1168 723 1218 callidus
731 1172 784 1218 usur

234 1249 351 1297 Solettem
364 1263 390 1296 tu
400 1265 454 1307 nte,
467 1245 554 1307 crede,
566 1247 660 1312 puella,
677 1248 743 1297 fatis.

200 1327 238 1374 Te
249 1327 309 1374 mihi
321 1327 461 1389 compositis
471 1324 508 1391 (si
521 1323 581 1390 quid
594 1342 674 1374 tamen
685 1328 789 1390 egimus)
801 1341 817 1374 a
826 1341 865 1376 me

234 1403 347 1452 Astrinxit
359 1405 438 1452 verbis
448 1405 584 1467 ingeniosus
596 1404 681 1454 Amor.

199 1482 301 1531 Distatis
319 1483 389 1531 abeo
402 1481 447 1530 feci
459 1481 577 1546 sponsalia
587 1485 680 1538 verbis,

233 1560 401 1625 Consultoque
416 1559 450 1608 fui
462 1564 519 1625 juris
531 1562 621 1611 Amore
631 1561 706 1612 vafer.

197 1639 234 1688 Sit
245 1637 307 1686 fraus
318 1640 375 1686 huic
386 1654 475 1687 nornen
487 1638 567 1698 satio,
581 1637 695 1706 dicarque
707 1638 823 1690 dolosuse
873 1690 876 1695 ,

234 1718 258 1765 Si
269 1733 350 1765 tamen
360 1715 410 1776 est,
424 1714 492 1782 quod
504 1733 584 1777 ames,
595 1718 659 1768 velie
671 1733 748 1772 tenere
759 1716 839 1768 dolus.

198 1796 238 1846 En
248 1799 336 1845 iterum
349 1793 445 1855 scribo,
463 1798 584 1861 mittoque
597 1798 706 1861 rogantia
715 1797 801 1846 verba:

232 1875 315 1924 Altera
326 1874 389 1923 fraus
400 1875 450 1923 haec
462 1874 495 1922 est
504 1891 514 1933 3
524 1872 638 1940 quodque
648 1876 770 1939 queraris,
787 1872 867 1920 habes.

198 1954 225 2002 Si
237 1970 314 2002 noceo
327 1951 394 2019 quod
408 1969 479 2011 amo;
493 1952 584 2013 fateor,
597 1955 646 2001 sine
658 1951 705 2002 fine
715 1951 825 2001 nocebot

233 2033 317 2098 Teque
328 2046 408 2096 petam
417 2050 424 2079 ι
434 2047 516 2083 caveas
529 2046 555 2080 tu
570 2029 628 2080 licet
638 2033 687 2095 ipsa
699 2032 758 2094 peti.

198 2111 246 2161 Per
257 2109 350 2175 gladios
360 2109 402 2158 alii
411 2108 511 2174 placitas
525 2125 621 2173 rapuere
633 2107 735 2173 puellas:

234 2190 327 2253 Scripta
337 2188 398 2236 mihi
408 2185 476 2236 cauti
486 2186 556 2237 litera
566 2190 657 2236 crimen
667 2189 728 2234 erit?

198 2267 236 2317 Di
248 2267 355 2326 faciant,
370 2269 461 2330 possim
471 2266 549 2330 piures
559 2270 682 2330 imponere
691 2261 769 2315 nodos
779 2263 787 2313 i

233 2345 270 2394 Ut
281 2359 320 2394 tua
331 2347 362 2394 sit
370 2344 438 2395 nulii
448 2345 521 2394 libera
532 2362 598 2410 parte
610 2343 677 2394 fides.

198 2422 274 2474 Mille
286 2422 338 2472 doli
348 2423 436 2473 restant
444 2443 451 2471 r
460 2423 525 2474 clivo
536 2421 648 2473 sudamus
658 2427 684 2471 in
693 2425 754 2472 irno-

234 2499 314 2550 Ardor
321 2504 469 2566 inexpertum
481 2500 515 2550 nil
528 2505 588 2553 siuet
596 2498 642 2551 effe
653 2517 729 2550 meus.

200 2582 238 2630 Sit
250 2577 365 2640 dubium,
377 2584 482 2645 possisne
493 2583 546 2645 capi
557 2599 565 2640 3
575 2582 700 2644 captabere
708 2576 780 2628 certi.

235 2657 318 2706 Exitus
333 2661 358 2707 in
372 2658 417 2707 Dis
432 2658 465 2707 est
476 2678 482 2706 e
494 2655 535 2707 sed
546 2657 637 2722 capiire
649 2673 739 2706 tamen.

200 2735 237 2784 Ut
248 2753 341 2800 partem
353 2735 466 2801 effugias,
479 2753 529 2784 non
542 2739 624 2784 omnia
638 2738 696 2783 retia
707 2733 793 2790 faliest

234 2814 295 2874 Quae
310 2816 370 2873 tibi,
384 2815 459 2880 quim
470 2812 560 2872 credis,
571 2813 639 2878 plura
649 2811 751 2861 tetendit
761 2811 845 2860 Amor.

201 2894 226 2942 Si
237 2909 287 2942 non
297 2891 426 2959 proficiant
437 2908 512 2953 artes,
522 2895 645 2943 veniemus
656 2888 686 2940 ad
697 2906 780 2950 arnra,

234 2970 310 3036 Inque
325 2974 360 3020 tui
371 2970 459 3036 cupido
471 2986 537 3036 rapta
548 2969 622 3020 ferere
634 2973 696 3020 sinu.

201 3047 265 3100 Non
272 3051 325 3105 sum
336 3085 344 3109 ,
363 3053 404 3115 qui
416 3048 505 3098 soleant
517 3047 608 3098 Paridis
621 3047 790 3113 reprehendere
802 3047 905 3106 fartum

236 3127 289 3178 Nec
301 3144 448 3196 quemquam
455 3160 465 3192 ‚
476 3130 532 3195 qui,
542 3131 579 3179 vir
589 3130 664 3194 possit
675 3142 702 3179 ut
717 3125 763 3178 effe
770 3161 779 3187 ,
791 3125 845 3175 fuit.
942 3146 973 3192 50
