2367 3992
313 505 361 565 44
422 476 465 546 P.
495 480 676 548 Otrorr
703 485 932 549 Nasonrs

313 600 420 649 forsitan
435 606 476 662 &‚
494 600 561 666 pulsai
578 600 682 651 AEtolide
693 602 822 664 Deianiri‚

345 677 452 728 Nomine
464 677 573 744 deposito
583 680 690 744 pellicis,
705 697 764 729 uxor
774 685 830 731 etit:

312 754 487 822 Eurytidosque
498 757 575 816 lolcs,
589 773 661 823 atque
676 759 751 806 insani
762 758 852 808 Alcide

346 833 436 899 Turpia
453 833 556 883 famosus
570 851 670 900 corpora
680 840 764 901 junget
774 837 880 899 Hymtn.
950 845 953 851 '

266 908 291 953 ¹3
301 909 380 960 chns
397 911 458 976 fugit
469 911 611 972 admonitu,
625 913 746 979 frigusque
761 914 911 978 perambulat
921 930 1002 971 attus,-

343 990 374 1038 Et
383 994 445 1055 jacet
459 993 484 1039 in
495 994 587 1054 gremio
599 989 713 1056 languida
725 992 786 1041 fasta
798 1010 890 1042 manus.

310 1067 352 1116 Mc
362 1084 458 1134 quoque
472 1085 527 1117 curn
537 1068 635 1122 multis,
647 1067 687 1117 sed
695 1086 734 1117 me
742 1073 791 1118 sine
802 1073 917 1130 crimine,
928 1070 1025 1120 amasti:

342 1144 380 1193 Ne
392 1149 487 1211 pigeat,
507 1162 591 1210 pugnae
606 1148 640 1194 bis
652 1149 695 1194 tibi
706 1151 774 1195 causa
787 1147 830 1196 fui.

310 1220 409 1271 Cornua
420 1223 478 1272 flens
489 1224 547 1289 legit
558 1227 614 1290 ripis
622 1225 741 1274 Achelous
754 1229 779 1273 in
790 1224 858 1284 udis,

264 1309 309 1352 ¹40
342 1301 484 1368 Truncaque
498 1301 584 1350 limosi
595 1318 703 1366 tempora
711 1305 793 1352 mersit
806 1303 876 1369 aqui.

309 1379 409 1427 Semivir
418 1381 532 1428 occubuit
542 1382 567 1428 in
578 1380 672 1428 letifero
683 1380 764 1429 Evcno

341 1453 426 1505 Nessus
439 1475 446 1515 3
464 1461 488 1506 bc
503 1458 587 1506 infecit
598 1458 691 1522 sanguis
701 1462 800 1524 equinus
813 1475 894 1525 aquas.

309 1531 355 1582 Scd
366 1533 425 1599 quid
435 1551 480 1599 ego
492 1537 542 1584 haec
557 1534 649 1584 refero?
660 1537 771 1584 scribenti
781 1540 868 1586 nuncia
878 1542 944 1588 vcnit

153 1676 156 1679 Ι
340 1611 413 1660 Fama
422 1615 500 1662 vitum
510 1616 597 1663 tunica:
609 1614 661 1662 labe
674 1617 749 1677 perire
760 1631 827 1664 meae.

182 1692 186 1698 ’
263 1689 354 1753 145Hci
370 1691 445 1739 mihi!
463 1690 522 1756 quid
532 1692 595 1741 feci?
606 1690 655 1757 quo
666 1708 705 1738 me
718 1691 785 1740 furor
795 1695 844 1756 egit
854 1695 996 1743 amantem?

341 1769 417 1833 lmpia
428 1767 487 1835 quid
498 1768 591 1819 dubitas
601 1769 715 1818 Deianira
726 1773 806 1819 mori?

308 1846 345 1897 An
359 1861 412 1897 tuus
431 1852 456 1896 in
471 1846 551 1897 medii
564 1852 651 1912 conjux
665 1847 807 1896 lacerabitur
820 1847 892 1897 OEti?

340 1927 396 1986 Tu,
412 1926 503 1975 sceleris
518 1928 578 1975 tanti
590 1927 672 1984 causa,
686 1924 797 1989 superstes
811 1929 874 1975 cris?

308 2003 332 2052 Si
349 2002 407 2069 quid
420 2003 497 2053 adhuc
508 2005 583 2052 habeo
594 2003 666 2061 faoi,
681 2019 723 2051 cur
734 2002 843 2052 Herculis
855 2019 916 2053 uxor

263 2093 280 2134 ,s
280 2097 308 2145 50
341 2080 450 2141 Credat3
464 2084 570 2149 conjugii
580 2099 645 2132 mors
656 2082 714 2130 mihi
726 2083 810 2146 pignus
823 2084 876 2130 etit.

307 2162 346 2213 Tu
357 2178 453 2230 quoque
464 2163 591 2230 cognosces
603 2164 628 2213 in
639 2178 694 2220 mc,
705 2158 841 2227 Meleagre‚
852 2161 968 2212 sororem·

339 2239 416 2303 Impia
429 2236 488 2309 quid
502 2236 596 2288 dubitas
606 2239 720 2287 Deianira
731 2239 811 2286 mori?

306 2315 360 2365 Heu
371 2315 457 2366 devota
468 2315 555 2366 domus
566 2317 572 2367 l
587 2316 648 2366 solio
656 2314 721 2365 sedet
730 2315 814 2380 Agrios
825 2313 890 2364 altor

340 2397 412 2444 OEnea
424 2391 542 2443 desertum
554 2392 618 2444 nuda
628 2396 718 2442 senesta
729 2394 825 2457 premit.

158 2467 162 2477 '
259 2482 284 2529 ¹5
292 2471 402 2528 5Exsulat
412 2475 501 2537 ignotis
512 2470 608 2534 Tydeus
621 2487 745 2536 germanus
754 2472 780 2518 in
794 2471 857 2518 oritt

336 2549 403 2599 Alter
414 2550 482 2599 fatali
491 2550 557 2598 vivus
568 2553 593 2597 in
605 2552 660 2614 igne
673 2550 742 2612 perit.

303 2626 388 2692 Exegit
400 2627 488 2676 ferrum
500 2629 540 2679 sua
551 2642 594 2690 per
602 2623 733 2690 precordia
744 2639 820 2673 mater
825 2659 835 2682 ,

337 2698 413 2770 Impia
425 2701 484 2771 quid
495 2702 588 2752 dubitas
600 2703 714 2752 Deianira
725 2703 804 2751 mori?
906 2745 909 2750 .

213 2794 221 2805 “
302 2781 424 2847 Deprecor
437 2784 485 2835 hoc
497 2798 589 2839 unum,
605 2797 646 2845 per
656 2784 708 2846 jura
715 2780 840 2828 sacerrima
849 2778 921 2842 leui,

257 2866 303 2905 ¹60
336 2859 373 2910 Ne
384 2859 465 2910 videar
482 2860 536 2908 fatis
551 2858 662 2908 insidiata
677 2861 732 2906 tuis.

303 2937 401 2993 Nellos.
422 2954 449 2987 ut
459 2938 491 2987 est
504 2937 603 2988 avidum
614 2933 733 3001 perculsus
744 2936 859 2987 arundine
870 2939 971 3002 pediut,

335 3017 397 3074 Hic,
413 3014 473 3065 dixit
483 3051 490 3076 ‚
500 3019 560 3065 vites
573 3006 665 3080 sanguis
675 3017 763 3063 amotis
774 3016 855 3065 habet.

301 3096 367 3149 Illita
382 3091 470 3143 Nellco
482 3097 535 3142 misi
547 3095 590 3143 tibi
603 3109 666 3141 texta
678 3109 781 3143 veneno.

334 3175 411 3242 Impia
426 3170 485 3241 quid
500 3169 592 3227 dubitas
607 3171 722 3227 Deianira
734 3172 813 3221 mutii
