2367 3992
342 496 412 560 244
463 473 662 541 Ovinrr
706 476 931 542 NAsorrrs

339 596 380 645 Est
393 598 427 644 ibi
443 594 562 645 diversunt
576 595 640 643 samri
651 594 769 643 celebrata
783 612 826 659 per
837 597 921 644 orbem
1001 617 1004 628 ¹
1043 644 1054 655 ,

293 695 339 742 500
372 675 466 733 litrr23
478 675 592 737 cognosci
609 689 661 738 quat
679 674 724 721 tibi
735 678 856 738 quemque
866 675 949 738 juben·
1045 705 1058 720 ,-

339 752 387 812 Qui
401 754 445 800 sibi
461 767 532 801 notus
544 754 604 805 erit,
618 751 681 799 solus
691 752 807 815 sapienter
817 752 925 809 amabit3
958 794 963 805 .
1000 759 1003 766 '

287 834 289 839 ’
370 833 449 896 Atque
460 846 519 895 opus
530 826 567 878 ad
576 832 637 879 vires
649 831 727 893 exiget
737 845 810 878 omne
823 832 885 879 suar.

339 907 387 958 Cui
406 908 491 956 faciem
503 922 586 955 natura
596 904 664 956 dedit
675 941 683 965 ,
696 907 811 970 speeiemr
822 909 852 956 ab
862 908 905 956 illa
916 927 923 956 ε

370 984 419 1036 Cui
437 984 504 1034 color
516 985 563 1043 esi,
576 986 676 1032 humero
688 985 748 1048 saepe
759 1000 856 1049 patente
868 987 945 1035 cubet.
1042 975 1058 1046 ζ

263 1096 266 1108 .
289 1063 331 1110 505
336 1064 384 1125 Qui
395 1065 502 1112 sermone
514 1062 610 1127 placet,
623 1064 740 1110 taciturna
752 1061 847 1113 silentia
859 1077 962 1127 rumpite
1044 1044 1058 1065 Η

368 1140 416 1201 Qui
435 1141 577 1199 crinitam,
593 1153 677 1189 tanat:
688 1143 730 1204 qui
743 1140 804 1199 bibit
817 1156 885 1201 arte,
900 1143 968 1191 bibat,
1045 1178 1058 1201 Α,

335 1217 382 1269 Sed
400 1235 476 1284 neque
491 1216 626 1268 declament
636 1216 717 1266 medio
729 1219 838 1267 sermone
848 1217 940 1273 diserti:
1002 1223 1004 1229 '

367 1298 419 1348 Nec
432 1299 472 1346 sua
486 1313 536 1346 non
547 1297 644 1344 vesanus
658 1298 744 1360 scripta
760 1302 832 1361 poe'ta
848 1297 920 1361 legat.
1053 1349 1058 1355 ,

335 1379 372 1428 Sic
387 1379 482 1433 monuit
497 1375 601 1429 Phoebus
614 1375 721 1427 :Phoebo
732 1388 812 1438 parete
829 1377 945 1427 monenti·
1001 1386 1003 1393 '
1040 1358 1058 1444 -ἴ

224 1450 227 1456 “
286 1466 333 1514 510
366 1454 440 1506 Certa
458 1454 504 1501 Dei
521 1454 586 1501 sacro
602 1452 634 1501 est
647 1455 717 1517 huius
730 1455 755 1500 in
767 1469 809 1504 ore
821 1451 889 1503 fides.

291 1552 294 1559 ’
333 1530 371 1582 Ad
390 1535 502 1596 propiora
516 1546 599 1580 vocor.
615 1529 728 1595 Quisquis
742 1532 860 1595 sapienter
878 1533 975 1594 amabit,
1041 1526 1058 1599 J

366 1609 453 1657 Vincet
465 1625 473 1666 3
490 1612 514 1659 δι
528 1607 645 1662 enostra,
657 1606 724 1672 quod
733 1623 816 1672 petet,
830 1625 880 1660 arte
893 1610 955 1658 feret.
1041 1601 1058 1613 '⁰

331 1685 432 1748 Credita
445 1702 488 1735 nec
505 1687 596 1751 semper
616 1684 675 1733 sulci
690 1702 746 1734 cum
762 1686 845 1741 fenore
861 1686 970 1737 reddunt:
1040 1718 1046 1728 ·

291 1756 296 1781 ¹
364 1765 416 1814 Nec
433 1767 523 1829 semper
534 1761 618 1813 dubias
628 1762 726 1829 adjuvat
740 1781 796 1813 aura
806 1781 877 1819 rates.
1048 1799 1058 1849 s

286 1851 330 1900 5¹5
335 1841 408 1904 Quod
418 1848 500 1910 juvat,
512 1845 641 1906 exignum
655 1842 708 1906 plut
717 1843 768 1902 est,
780 1843 849 1909 qnod
859 1844 924 1896 laedit
932 1856 1016 1898 amante·
1041 1873 1058 1907 ι,

367 1924 506 1986 Proponant
516 1925 597 1970 animo
612 1921 688 1969 multa
700 1920 797 1976 ferenda
809 1925 862 1974 suo.
1035 1913 1058 1989 ‘1

333 2000 400 2061 Quot
411 2000 502 2064 lepores
514 2001 539 2049 in
549 1999 628 2053 Atho,
641 2015 701 2063 quot
711 2016 765 2064 apes
772 2002 902 2064 pascuntur
912 2005 936 2051 in
948 1995 1015 2061 Hybllr
1035 1992 1058 2079 p]

364 2078 460 2128 Caerula
471 2093 531 2143 quot
540 2079 623 2126 baccas
634 2076 744 2127 Pallados
759 2080 831 2128 arbor
841 2083 926 2138 habrt3
1032 2056 1058 2155 ¹l‘.

330 2157 411 2207 Litore
422 2171 482 2221 quot
497 2157 613 2213 conch23
631 2171 672 2204 tot·
681 2157 736 2204 sunt
747 2159 773 2205 in
789 2174 872 2206 amore
883 2156 979 2208 doloresz
1040 2144 1058 2235 *J

283 2250 329 2297 5²0
363 2234 422 2293 Quae
437 2237 557 2298 patimur,
569 2233 649 2281 multo
662 2234 752 2298 spicula
763 2235 820 2283 felle
831 2235 936 2285 madent.
1040 2226 1043 2232 ¹

329 2312 399 2361 Dicta
410 2315 454 2359 erit
465 2307 506 2366 isse
519 2311 597 2368 foras,
613 2328 685 2375 quam
697 2326 723 2360 ru
740 2310 837 2362 sortasse
847 2313 953 2365 videbis:
991 2355 993 2358 ,
1042 2362 1053 2378 ,

361 2387 405 2438 lise
416 2389 493 2448 foras,
508 2392 532 2438 δι
543 2403 565 2437 tc
578 2387 636 2439 falsa
648 2387 747 2449 videre,
758 2405 824 2455 puta.
1040 2377 1058 2390 Η

329 2469 418 2521 Clausa
429 2468 472 2518 ribi
486 2466 557 2522 fuerit
568 2467 683 2530 promissi
693 2471 764 2531 Janua
776 2472 847 2520 none
858 2489 865 2519 r

363 2547 459 2606 Perfer,
471 2549 495 2594 ὅ(
512 2542 638 2598 immundi
649 2562 736 2610 ponere
747 2563 833 2612 corpus
844 2550 930 2606 hutno-

284 2629 437 2685 525Forsitan
452 2628 476 2677 δι
487 2624 555 2675 vultu
566 2620 669 2679 mendax
680 2623 767 2674 ancilla
776 2627 878 2690 superbo

361 2706 449 2763 Dicet,
461 2700 527 2763 Quid
537 2701 626 2751 nostras
638 2699 733 2750 obsidet
743 2702 785 2751 iste
801 2703 882 2763 forest
935 2766 938 2771 J

330 2785 436 2833 Postibus
451 2786 475 2830 δι
487 2779 550 2830 durae
561 2778 657 2843 supplex
669 2778 777 2829 blandire
787 2781 873 2845 puelle
880 2798 890 2840 3

361 2862 392 2908 Et
406 2862 478 2924 capiti
494 2857 586 2907 demtas
601 2861 627 2905 in
638 2857 688 2906 fore
700 2875 762 2922 pone
773 2861 848 2909 rosas.

330 2937 395 2988 Cnrn
408 2937 494 2994 volet,
510 2933 621 2991 accedes:
634 2951 723 2986 tumre
735 2938 840 2999 vitabit,
857 2939 939 2989 abibit.
1000 2946 1002 2949 “

284 3028 328 3076 530
362 3010 468 3061 Dedecet
482 3015 599 3075 ingenuos
610 3011 679 3062 radia
694 3013 755 3062 ferre
773 3016 816 3064 sui.

328 3090 439 3156 Effugere
450 3091 512 3137 hunc
521 3105 570 3137 non
581 3089 614 3137 est
624 3126 633 3148 ,
645 3106 717 3157 quare
731 3093 775 3140 tibi
785 3097 861 3157 possit
871 3097 946 3144 amica

360 3169 446 3225 Dicere
457 3173 465 3220 Ξ
476 3182 526 3220 non
542 3170 610 3226 omni
620 3183 727 3235 tempore
737 3171 815 3222 sensus
825 3170 899 3234 adest.
