2367 3992
292 462 361 523 216
412 444 599 522 Ournrs
634 457 875 523 NAsortrs

288 573 372 626 Cressa
386 576 503 638 Thyestio
520 580 539 625 si
552 578 575 625 se
589 574 734 626 abstinuisset
745 593 844 636 amore·,
897 638 899 641 Ι

286 661 288 666 ’
322 651 365 719 (Ο
377 654 383 702 l
396 670 511 720 quantum
524 655 556 702 est
563 689 571 713 ,
583 658 625 703 uni
637 652 704 720 polle
714 655 808 720 placere
817 654 883 704 viro!
894 655 904 723 )

284 728 346 780 Non
356 730 463 781 medium
476 729 573 797 rupiffet
587 736 649 793 iter,
664 748 780 798 cursuque
790 747 895 788 retorto,

239 811 286 857 330
320 812 435 859 Auroram
449 813 521 859 versis
534 801 638 859 Phoebus
653 806 739 859 adiffet
754 813 830 876 equis.
901 831 903 835 ¹

284 888 345 937 Filia
354 904 484 952 purpureos
495 887 554 936 Niso
565 887 643 936 furata
652 886 769 951 capillos,

318 965 381 1013 Pube
392 968 479 1028 premit
490 964 585 1014 rabidos
596 965 781 1030 inguinibusque
793 982 872 1017 canes.
933 990 940 1002 ’-

283 1042 332 1103 Qui
343 1042 446 1091 Martem
458 1041 534 1103 terri,
546 1041 688 1106 Neptunum
697 1041 823 1107 effugitin
832 1042 918 1106 undis,

314 1119 432 1186 Conjugis
449 1119 543 1172 Atrides
556 1123 653 1170 villima
667 1120 720 1170 dira
730 1119 786 1170 fuir.

234 1196 330 1260 sssCui
340 1215 389 1249 non
400 1197 529 1248 defletaest
537 1199 656 1265 Ephyraeae
666 1198 765 1248 flamma
775 1197 886 1250 Crelisaei

312 1277 344 1326 Et
359 1294 417 1326 nece
434 1293 545 1328 natorum
559 1276 741 1343 sanguinolenta
752 1283 853 1340 parens?
889 1299 892 1302 ⁴
991 1292 993 1297 '

279 1355 359 1406 Flevit
373 1354 542 1419 Amyntorides
556 1373 597 1421 per
606 1357 686 1404 inania
701 1354 793 1403 lumina
805 1353 919 1403 Phoenixs

224 1490 227 1496 <
311 1435 479 1500 Hyppolyttrm
491 1431 570 1498 pavidi
582 1431 709 1497 diripuistis
721 1433 785 1498 equi.

276 1510 345 1573 Quid
356 1511 418 1562 fodis
427 1515 554 1560 immeritis
565 1545 574 1570 ‚
589 1512 698 1569 Phineu,
711 1511 752 1558 sua
761 1509 855 1559 lumina
864 1509 938 1560 natis?

230 1600 279 1644 340
311 1591 385 1638 Poena
399 1591 516 1638 reversura
531 1589 563 1636 est
577 1592 605 1636 in
618 1602 690 1652 caput
699 1586 743 1635 ista
755 1601 833 1637 tuum.

276 1665 479 1717 Omniafenrr'nei
490 1667 544 1715 sunt
554 1666 597 1714 ista
608 1663 709 1714 libidine
720 1679 788 1715 mota
799 1683 807 1713 ε

244 1761 250 1777 ·
307 1745 391 1795 Acrior
409 1745 441 1793 est
451 1745 546 1806 nostri,
558 1744 659 1810 plusque
670 1743 757 1793 furoris
766 1745 848 1793 habet.

274 1823 338 1889 Ergo
349 1840 391 1888 age
401 1859 409 1883 ,
420 1838 449 1874 ne
460 1821 544 1873 dubita
554 1825 647 1872 cundas
657 1823 764 1885 superate
774 1821 877 1886 puellas.

305 1902 352 1952 Vix
365 1906 411 1951 erit
427 1920 439 1951 e
454 1900 535 1951 multis
546 1917 599 1968 quae
612 1916 682 1965 neget
694 1917 741 1949 una
751 1901 805 1949 tibi.

228 1976 983 2047 345andant‚quaequenegant,gaudenttamenefferogater

304 2057 339 2106 Ur
349 2061 399 2123 jam
415 2058 522 2117 fallaris,
538 2071 588 2107 tuta
599 2056 690 2122 repulsa
701 2073 741 2106 trra
752 2057 794 2105 est.

268 2132 317 2186 sed
327 2151 369 2182 cur
378 2134 482 2195 fallaris,
493 2135 549 2186 ctlm
560 2137 590 2184 sit
600 2150 662 2184 nova
670 2147 736 2199 grata
746 2133 858 2202 voluptas
868 2135 879 2188 ἒ

302 2210 333 2260 Et
345 2215 439 2276 capiant
448 2216 540 2262 animos
553 2213 605 2277 plus
615 2213 694 2261 aliena
705 2215 759 2261 suos
773 2221 782 2265 ἓ

269 2287 379 2337 Fertilior
389 2290 452 2353 seges
463 2289 495 2338 est
507 2288 590 2338 alienis
601 2292 693 2354 semper
701 2293 727 2339 in
738 2292 817 2354 agris,

222 2371 269 2417 350
302 2366 461 2432 Vicinumque
480 2383 549 2432 pecus
559 2367 672 2433 grandius
685 2369 744 2418 ubet
758 2370 840 2420 babet.

268 2444 314 2495 Sed
329 2449 392 2510 prius
403 2445 515 2495 ancillam
527 2445 651 2511 captanda
663 2444 730 2496 noll'e
745 2446 832 2512 puella

299 2524 365 2576 Cura
377 2527 407 2574 sit
418 2541 426 2573 ,·
436 2523 539 2575 accellus
551 2527 647 2575 molliat
660 2526 704 2575 illa
715 2541 779 2575 tuos.

265 2604 377 2654 Proxima
389 2603 494 2655 consiliis
504 2603 609 2668 domina
621 2608 651 2652 sit
659 2604 751 2662 utilla,
762 2600 862 2654 videto:

297 2683 364 2734 Neve
377 2700 460 2749 parum
470 2686 546 2732 tacitis
557 2684 652 2731 conscia
667 2680 716 2731 fida
724 2685 794 2747 jocis.

218 2756 368 2811 ³55Hanc1u
382 2760 507 2826 pollicitis,
525 2764 585 2809 hauc
596 2775 621 2808 tu
638 2776 765 2823 corrumpe
776 2757 900 2823 rogando.

295 2837 369 2898 Quod
386 2843 458 2903 petis,
471 2857 483 2887 e
494 2838 576 2894 facili,
589 2841 608 2886 si
625 2837 693 2888 volet
706 2836 769 2892 illa.
783 2837 852 2886 feres.

262 2914 308 2965 llla
317 2916 381 2980 legat
388 2929 499 2980 tempus,
513 2913 613 2980 (medici
624 2932 721 2980 quoque
732 2931 841 2980 tempora
850 2916 978 2984 servant.)
1005 2921 1007 2924 ’

294 2994 348 3054 Quo
362 2992 438 3040 facilis
452 2989 557 3039 domina
571 3008 637 3039 mens
652 2996 700 3050 sit,
717 2996 742 3041 bc
753 3009 808 3058 apta
822 2996 885 3058 capi.

263 3072 333 3122 Mens
343 3073 388 3123 erit
398 3084 451 3135 apra
461 3071 513 3134 capi
525 3083 597 3128 tunc,
606 3068 662 3118 etim
676 3070 800 3122 latissima
813 3088 911 3133 rerum,
1002 3118 1005 3123 .

213 3154 260 3205 360
292 3147 327 3198 Ut
335 3150 397 3214 seges
409 3150 434 3198 iss
442 3148 524 3214 pingui
534 3181 542 3209 ‚
554 3146 683 3202 luxuriabit
696 3184 705 3212 ,
724 3153 810 3215 humo.
886 3217 906 3267 P

908 3220 986 3269 ellora
