2367 3992
327 470 398 532 266
462 447 667 528 Ourur'r
707 456 944 524 NAsosrrr.

358 585 397 636 Ne
412 598 491 634 teneat
504 583 611 648 geminas
627 597 674 629 una
683 579 772 628 tabella
781 595 878 628 manus.

323 665 422 715 femina
436 660 528 712 dicatur
540 661 651 709 scribenti
667 661 758 724 semper
773 671 878 706 amator.

357 742 402 791 llla
413 745 443 790 sit
457 744 484 790 in
497 739 595 798 vestris,
607 741 649 806 qui
661 737 708 787 fuit
719 736 777 794 ille,
788 739 862 785 uotis.

323 819 368 870 Sed
383 819 441 869 libet
452 836 465 869 a
477 821 554 884 parvis
564 821 672 866 animum
682 813 713 865 ad
728 819 821 880 majora
831 813 920 863 referre
930 847 942 875 ,
1005 862 1008 867 ,

275 910 321 956 5⁰0
355 898 474 963 Plenaque
491 910 589 946 curvato
603 892 706 959 pandere
724 893 779 943 vela
791 895 854 941 sinu.

321 977 426 1026 Pertinet
436 973 467 1023 sd
478 974 563 1022 faciem
574 970 671 1022 rabidos
681 973 833 1036 compescere
847 987 946 1021 mores:
1004 1017 1008 1022 .

352 1050 464 1103 Candida
476 1061 522 1118 pax
536 1054 661 1111 homines,
674 1066 727 1100 trux
737 1049 808 1100 decet
821 1053 857 1098 ira
868 1050 940 1101 feras.

318 1131 369 1181 Ora
381 1145 476 1181 tument
487 1130 536 1180 iri:
546 1132 682 1196 nigrescunt
692 1131 805 1195 sanguine
815 1145 883 1178 νοω
893 1147 900 1178 t

351 1211 455 1260 Lumina
465 1211 597 1275 Gorgoneo
609 1208 690 1258 saevirls
700 1212 756 1273 igne
766 1211 868 1258 micant.

269 1289 328 1340 5051
340 1289 424 1356 procul
434 1291 502 1344 hinc,
516 1287 593 1348 dixit,
609 1305 659 1337 non
677 1289 787 1346 etmihi,
804 1289 883 1349 cibis,
900 1289 976 1353 renuti·¹

352 1369 385 1418 Ut
394 1367 457 1419 vidit
469 1366 550 1417 vultus
562 1366 639 1416 Pallas
649 1369 675 1414 in
685 1381 755 1414 amne
769 1367 834 1414 suos.

315 1447 367 1497 Vos
379 1464 476 1512 quoque
488 1449 507 1494 si
519 1443 600 1494 medii
611 1442 733 1508 speculum
744 1445 852 1508 spectetis
859 1446 887 1494 irr
899 1446 949 1508 ira,
1002 1487 1005 1494 .

349 1524 490 1589 Cognoscat
500 1523 588 1572 faciem
596 1525 636 1572 vix
648 1524 703 1570 satis
713 1521 763 1571 ulla
771 1524 849 1571 suam.

315 1601 368 1652 Nec
385 1599 464 1649 mimis
474 1603 499 1648 in
514 1599 583 1649 vultu
595 1597 712 1649 damnosa
723 1602 832 1667 superbia
843 1602 923 1653 vestro
934 1621 942 1652 s

269 1691 316 1738 510
349 1678 468 1731 Comibus
485 1679 518 1728 est
528 1677 605 1727 oculis
616 1676 757 1727 alliciendus
768 1695 848 1728 arnor.

316 1756 419 1810 Odimus
429 1755 591 1815 immodicos,
611 1771 712 1822 experte
727 1755 839 1818 credite,
852 1757 943 1813 fastust
999 1796 1004 1803 .

219 1897 224 1906 Δ
347 1841 413 1903 Saepe
426 1852 504 1887 tacens
515 1834 567 1887 odii
577 1837 668 1884 semina
677 1836 758 1886 vultus
769 1837 853 1886 habet.

250 1980 253 1985 Ι
313 1918 463 1982 Speiiantem
477 1916 568 1980 spolia:
580 1912 669 1963 ridenti
678 1914 765 1963 mollis
775 1912 837 1963 ride.

346 1995 431 2045 innuet
444 2012 451 2053 3
463 2009 569 2059 acceptas
580 2007 606 2042 tu
616 2009 712 2059 quoque
723 1991 796 2042 redde
803 1998 879 2044 notis.

266 2073 351 2142 515Sic
365 2073 406 2121 ubi
419 2071 537 2137 prolusit,
555 2070 672 2132 rudibus,
685 2088 743 2136 puer
756 2071 819 2132 ille,
833 2074 938 2138 reliiiis,
999 2113 1002 2118 .

347 2150 442 2215 Spicula
453 2148 483 2198 de
495 2153 605 2215 pharetra
615 2153 706 2215 promit
714 2164 784 2200 acuta
795 2151 846 2200 suri.

312 2224 415 2278 Odimus
430 2231 454 2276 ic
468 2228 566 2277 mestas.
582 2226 733 2278 Tecmeffam
744 2227 831 2294 diligat
844 2230 921 2297 Ajaxe
996 2267 1000 2275 .

344 2303 414 2363 Nos,
429 2304 529 2353 hilarem
541 2305 674 2370 populum,
687 2307 776 2356 femina
788 2308 843 2357 laeta
854 2313 929 2375 capit.

261 2382 1020 2455 Numquamegote‚rlrrdromache,necte,Tecmeffa‚rogaren,

264 2477 311 2526 52⁰
345 2462 379 2512 Ut
391 2479 443 2512 mea
456 2459 485 2511 de
496 2464 565 2511 vobis
580 2462 655 2513 altera
665 2469 743 2515 amica
753 2465 826 2516 foret.

311 2540 416 2594 Credere
423 2544 462 2590 vix
470 2538 573 2602 videor,
584 2541 640 2591 crim
649 2559 721 2609 cogar
732 2543 828 2594 credere
836 2561 928 2612 partu,
988 2578 990 2587 ·

342 2621 393 2670 Vos
411 2637 455 2686 ego
467 2636 522 2669 cum
533 2619 614 2670 vestris
624 2620 778 2672 concubuiss'e
788 2625 855 2673 viris.

310 2699 417 2750 Scilicet!
432 2701 498 2765 Aiaci
508 2697 595 2748 mulier
609 2699 755 2750 maestissima
765 2700 842 2763 dixit,

344 2778 393 2826 Lux
405 2778 472 2826 mea!
486 2793 585 2844 quaeque
594 2777 750 2829 solentverbr
760 2783 843 2846 iuvare
851 2782 937 2835 viros!

263 2853 376 2915 525Quicl
384 2870 450 2905 vetat
460 2871 473 2903 a
483 2859 576 2920 magnis
587 2855 618 2906 ad
629 2874 664 2905 res
675 2858 783 2922 exempla
792 2863 898 2911 minores

342 2933 452 2986 Sumere,
472 2949 515 2980 nec
531 2950 622 2984 nornen
638 2935 785 3001 pertimuisse
795 2936 884 2992 ducis?

304 3009 365 3078 ¹Dux
380 3011 457 3057 bonus
468 3011 524 3058 huic
537 3026 634 3061 centum
644 3017 768 3065 commisit
781 3021 831 3068 vite
843 3019 959 3086 regendos
969 3037 992 3070 s-

343 3088 405 3136 Huic
423 3090 528 3153 equites,
543 3088 580 3138 illi
595 3094 662 3157 rigua
676 3093 764 3144 tuenda
775 3095 852 3148 dedit.

309 3165 360 3217 Vos
368 3183 463 3235 quoque
470 3166 820 3242 ,denobisqucmquisquesit
828 3178 1017 3244 rpursadusuru,
