2367 3992
314 479 576 566 Huuoznus.
599 477 675 544 ΕΡ.
700 479 780 544 XX.
845 503 907 565 113

192 597 296 648 Alterius
307 598 431 658 thalamo,
444 599 488 647 tibi
499 615 543 648 uos
554 633 562 658 ,
575 599 618 648 tibi
629 596 746 655 dicimus,
760 599 806 646 exi.

224 675 291 737 Quid
302 676 360 726 facis
370 675 428 725 hic?
443 678 479 724 exi
488 696 494 724 ε
504 692 554 725 non
565 691 635 726 vacat
642 676 684 724 iste
696 691 773 725 totus.

191 755 256 805 Nam
271 753 340 821 quod
350 755 422 803 habes
434 759 458 804 δι
470 755 603 803 tuhumaui
612 755 684 803 verba
693 752 767 803 altera
778 753 840 818 pauli
847 787 856 813 ‚
916 762 961 809 ¹55·

151 831 157 841 ⁸
223 833 282 882 Non
294 836 340 882 erit
349 831 440 881 idcireo
451 848 493 896 par
501 847 542 881 tua
552 835 620 881 causa
631 849 699 882 meae.
732 847 734 850 ·

190 912 247 962 Haec
256 913 318 960 mihi
327 912 351 959 se
362 913 469 975 pepigit,
481 925 547 976 pater
557 913 619 960 hauc
631 912 675 960 tibi
683 913 786 977 :primus
797 910 827 959 ab
836 907 897 967 ill53

223 986 269 1037 Sed
279 991 379 1054 propior
390 987 468 1044 certe,
479 988 553 1055 quim
564 1005 646 1054 pater,
660 991 710 1054 ipsa
718 990 764 1037 sibi
776 989 817 1038 est.

189 1066 304 1136 Promisit
313 1081 381 1131 pater
391 1067 467 1126 lianc,
480 1069 531 1116 haec
541 1065 661 1133 adjuravit
672 1070 776 1116 amantis

222 1141 266 1191 Ille
276 1145 386 1193 homines
398 1178 407 1203 ,
419 1145 469 1192 haec
481 1145 514 1193 est
525 1143 649 1195 testificata
658 1146 746 1196 Deam.
915 1153 961 1190 160

189 1220 237 1270 Hic
250 1225 339 1270 metuit
348 1218 470 1281 mendax,
486 1225 556 1271 timet
565 1225 615 1271 haec
625 1227 719 1288 perjura
728 1226 817 1275 vocari.

222 1298 289 1348 Num
301 1297 410 1358 dubites,
422 1300 462 1349 hic
474 1301 504 1349 sit
515 1303 608 1363 major,
623 1316 653 1348 an
663 1300 705 1349 ille
715 1305 812 1349 metus?

187 1377 314 1443 Denique,
327 1394 354 1428 ut
365 1378 492 1434 amborum
504 1377 613 1426 conferre
623 1377 728 1441 pericula
737 1381 828 1442 possis,

221 1455 321 1520 Respice
333 1452 363 1503 ad
377 1468 490 1504 eventus:
502 1455 551 1504 haec
563 1454 652 1510 cubat,
666 1454 709 1504 ille
723 1454 797 1506 valet.

188 1531 241 1582 Nos
252 1548 350 1599 quoque
361 1530 472 1581 dissimili
480 1535 610 1582 certamina
620 1548 701 1582 mente
712 1535 831 1584 subimus:
913 1564 959 1606 μς

221 1610 274 1660 Nec
288 1613 340 1676 spes
350 1627 392 1676 par
404 1611 489 1664 nobis,
504 1627 547 1658 nec
560 1614 635 1659 timor
648 1627 728 1677 aequus
740 1609 812 1661 adest,

188 1688 229 1739 Tu
240 1693 300 1754 petis
309 1705 338 1738 ex
354 1703 422 1748 tuto,
435 1690 528 1753 gravior
541 1689 602 1736 mihi
613 1704 691 1737 morte
703 1688 795 1754 repulia
805 1689 850 1737 est:

222 1765 299 1833 quue
316 1783 362 1831 ego
373 1771 437 1831 jam,
448 1764 516 1830 quoti
527 1779 551 1815 tu
563 1765 643 1815 forsan
652 1767 758 1827 amabis,
772 1782 836 1816 amo.

187 1846 212 1893 si
230 1845 274 1892 tibi
285 1844 397 1910 militie,
414 1846 433 1892 si
444 1845 500 1892 resti
512 1859 568 1892 cura
580 1839 674 1901 fuiss'et3

221 1919 315 1975 Cedere
333 1919 445 1970 debueras
455 1921 549 1986 ignibus
561 1923 610 1985 ipse
620 1923 689 1969 meis.
913 1939 958 1982 ¹70

187 1997 261 2048 Nune
271 2001 387 2064 quoniam
400 1998 462 2047 ferus
478 2000 518 2046 hie
529 2014 573 2062 pro
582 1999 651 2048 causa
658 2012 749 2064 pugnat
759 1998 855 2066 iniqui,

222 2075 260 2124 Ad
275 2074 349 2142 quid,
362 2074 491 2140 Cydippe,
510 2075 580 2124 litera
590 2075 669 2125 nostra
679 2074 756 2125 redit?

186 2154 235 2204 Hic
249 2155 308 2204 facit
322 2169 349 2204 ut
362 2158 437 2220 jaceas
449 2189 457 2214 ,
469 2157 494 2203 &
506 2157 536 2203 sis
547 2155 652 2218 suspella
662 2153 760 2203 Diauae:

222 2233 293 2282 Hunc
312 2249 355 2292 tu,
371 2236 389 2281 si
404 2235 496 2298 sapias,
508 2232 583 2281 limen
596 2229 661 2281 adire
674 2246 748 2282 vetes.

186 2309 243 2360 Hoc
255 2311 374 2370 faciente,
388 2312 450 2360 subis
465 2326 515 2360 tam
527 2312 586 2359 saeva
602 2309 707 2375 pericula
718 2313 781 2360 vite.
909 2330 951 2380 ¹75
988 2352 991 2360 .

221 2390 300 2452 Atque
311 2392 402 2436 utinam
413 2405 456 2452 pro
468 2403 505 2447 te,
518 2391 560 2455 qui
572 2403 656 2437 movet
666 2388 726 2448 illa,
739 2386 822 2437 cadat!

187 2464 269 2525 Quem
280 2468 299 2513 si
308 2466 455 2530 reppuleris,
467 2483 524 2521 nec,
535 2483 607 2532 quem
616 2466 669 2514 Dea
681 2463 797 2524 damnat,
809 2463 911 2517 amalrisi

223 2543 253 2591 Et
264 2557 289 2591 tu
302 2543 418 2592 contiuuu
430 2579 437 2604 ,
449 2542 512 2592 certe
524 2559 569 2607 ego
580 2543 658 2592 salvus
669 2560 719 2592 ero.

186 2619 245 2669 Siste
257 2635 367 2674 metum,
376 2624 460 2685 virgo,
472 2621 549 2669 stabili
559 2623 650 2684 potiere
661 2620 745 2669 salute.

221 2699 267 2747 Fac
281 2696 359 2747 modi)
370 2699 474 2763 polliciti
486 2701 581 2747 conscia
595 2697 685 2762 templa
693 2697 768 2747 colas.
912 2708 957 2762 ⁸80

186 2775 241 2826 Noc
255 2779 318 2828 bove
327 2778 430 2848 mallum
445 2775 549 2825 coelellia
560 2778 660 2824 numina
669 2767 793 2839 gaudenti

221 2852 284 2915 Sed,
296 2871 350 2921 quae
360 2851 489 2919 prestanda
503 2853 535 2903 est
552 2858 577 2904 &
592 2857 642 2902 sine
655 2853 724 2912 teste,
737 2851 793 2908 fide.

186 2930 223 2984 Ut
231 2932 329 2982 valeant
344 2931 409 2991 aliae,
420 2931 509 2981 ferrum
520 2934 641 2997 patiantur
651 2935 675 2981 δι
686 2934 765 2996 ignes:

220 3011 275 3063 Fert
285 3010 338 3061 aliis
349 3009 437 3060 tristem
449 3012 529 3060 succus
540 3027 633 3061 amarus
645 3027 726 3074 opem.

187 3087 231 3141 Nil
244 3105 304 3154 opus
316 3088 349 3138 est
359 3087 422 3148 istis,
439 3088 531 3136 tantum
544 3093 648 3154 perjuria
657 3091 723 3140 vitae
908 3088 951 3153 πᾶς

222 3167 305 3239 Teque
316 3166 388 3218 simul
399 3168 465 3220 seuva
472 3201 481 3229 ‚
496 3183 598 3235 meque,
611 3165 739 3235 datamque
750 3164 834 3237 fidem.
