2367 3992
254 845 307 1004 a.
338 853 924 1007 ovrurr'ulsours

439 1087 489 1200 V
526 1089 550 1196 l
585 1086 635 1196 T
669 1084 732 1199 A.

205 1237 374 1354 Pennus
399 1290 543 1353 Ovrnrus
566 1290 664 1352 Naso
684 1338 694 1363 ‚
715 1290 865 1353 Po'e'tarum
887 1294 973 1376 inge-

198 1375 399 1443 niosissimus,
413 1373 549 1434 Sulmone
565 1375 596 1432 in
612 1371 748 1456 Peliginis
764 1393 839 1434 ortus
854 1371 912 1445 est,
929 1374 975 1434 die

207 1452 333 1515 secundo
352 1455 581 1535 Quinquatruum
601 1453 762 1526 Minervae,
782 1455 812 1515 id
833 1454 872 1514 est
891 1458 975 1514 tertio

207 1545 234 1597 ὅ(
250 1535 366 1596 decimo
381 1534 446 1596 Kal.
463 1537 596 1616 Apriles,
614 1558 691 1595 anno
707 1537 744 1596 ab
764 1537 843 1598 Urbe
860 1535 977 1597 conditi

208 1614 974 1689 nccx1.Hirtio&Panlaconsulibus,anteChristum

210 1718 304 1758 xt111.
316 1697 410 1757 Natus
421 1717 514 1757 autem
527 1697 565 1756 est
577 1700 644 1758 loco
658 1698 794 1780 equestri,
808 1721 841 1758 ex
852 1702 977 1781 peranti-

229 1778 265 1840 uh
282 1777 436 1839 Nasonum
456 1778 575 1840 familia.
595 1779 674 1841 Cum
693 1780 797 1850 fratre,
813 1783 879 1860 ipsis
897 1780 973 1840 duo·

209 1801 303 1921 ierim
318 1861 461 1922 mensibus
474 1866 605 1942 majore,
623 1864 730 1928 teneris,
739 1864 776 1921 ab
788 1864 870 1921 annis
884 1863 976 1922 excul-

208 1962 252 2003 tus
270 1940 465 2023 institutusque
478 1943 580 2003 Romae
595 1940 633 2002 est
647 1943 712 2002 curi
729 1944 871 2022 parentis,
890 1939 976 2002 scho-

208 2024 306 2105 lasque
321 2025 476 2106 insignium
489 2021 688 2106 magistrorum
703 2023 900 2105 frequentavit.
911 2024 975 2086 Ubi

209 2105 357 2176 adolevit,
380 2104 472 2165 sumti
492 2104 561 2189 togit
583 2107 681 2176 virili,
702 2127 790 2188 quum
813 2127 877 2165 eum
898 2125 975 2187 pater

210 2183 274 2246 foro
290 2197 318 2247 &
338 2188 467 2246 oratoriae
488 2185 616 2247 facultati
638 2183 815 2258 destinallet,
831 2185 975 2248 rhetoricae

186 2305 189 2309 -
210 2264 374 2348 professores
391 2268 500 2328 audivit
518 2269 675 2351 diligenter.
694 2270 900 2330 Declamitavir
918 2292 972 2330 au·

212 2370 286 2421 tem,
299 2352 341 2409 uti
351 2371 403 2409 nos
415 2350 497 2409 dotet
507 2351 613 2411 Seneca
624 2371 721 2431 pater,
734 2373 760 2411 r.
771 2372 808 2410 rr.
822 2351 924 2412 Contt.
937 2371 973 2411 11.

209 2458 230 2485 a
248 2431 325 2512 apud
344 2429 486 2491 rhetorem
504 2432 643 2492 Arellium
661 2433 804 2505 Fuscum,
822 2437 900 2513 cujus
918 2454 973 2492 au-

210 2540 229 2567 a
249 2513 326 2573 ditor
343 2512 397 2574 fuit
399 2558 524 2573 ......
540 2513 645 2574 Oratio
663 2519 720 2592 ejus
737 2519 796 2593 jam
819 2507 881 2574 tuni
900 2511 974 2574 nihil

209 2622 229 2649 π
248 2595 327 2656 aliud
338 2614 447 2675 poterat
455 2595 561 2666 videri,
574 2594 661 2676 quim
672 2594 795 2655 solutum
808 2615 929 2655 carmen.
942 2639 949 2654 .
964 2640 971 2655 .

209 2703 229 2730 ω
249 2678 403 2737 Latronem
411 2725 423 2747 ,
434 2682 510 2756 cujus
521 2677 678 2737 admirator
691 2697 750 2736 erat
760 2723 769 2747 ,
779 2675 852 2736 adeb
864 2674 971 2736 studio-

209 2785 229 2812 a
248 2760 279 2818 se
293 2758 423 2829 audivit,
440 2779 471 2818 ut
484 2759 585 2817 multas
601 2764 658 2837 ejus
672 2755 821 2817 sententias
835 2759 865 2817 in
878 2756 973 2819 versus

209 2867 228 2894 a
250 2837 315 2901 suos
332 2839 508 2900 transtulerit.
523 2885 530 2898 .
544 2884 552 2897 .
567 2885 574 2898 .
587 2838 671 2899 Tunc
685 2858 799 2910 autem,
815 2861 904 2921 quum
917 2838 977 2899 stu-

209 2948 229 2975 „
250 2921 349 2992 deret,
371 2918 527 2981 habebatur
548 2921 639 2982 bonus
659 2921 841 2982 declamator.
862 2922 972 2982 Decla-

209 3030 229 3057 ω
251 3005 351 3064 mabar
367 3023 461 3063 autem
478 3000 544 3062 τετὸ
563 3006 783 3076 controversias,
797 3003 845 3065 sed
861 3004 975 3063 nonnisi

209 3111 229 3138 ω
251 3083 358 3145 ethicas
373 3108 379 3141 :
392 3083 522 3144 libentius
534 3083 646 3144 dicebar
657 3084 794 3146 suasorias
805 3114 834 3145 υ.
845 3082 974 3152 Athenas

211 3168 325 3240 etiam,
348 3167 513 3249 eloquentie
532 3189 565 3228 ac
589 3169 732 3229 literarum
757 3165 876 3236 sedem,
898 3163 974 3226 haud

784 3271 801 3309 a
821 3269 852 3326 1¹1
