<?xml version="1.0" encoding="UTF-8"?>
<!DOCTYPE html PUBLIC "-//W3C//DTD XHTML 1.0 Transitional//EN"
    "http://www.w3.org/TR/xhtml1/DTD/xhtml1-transitional.dtd">
<html xmlns="http://www.w3.org/1999/xhtml" xml:lang="en" lang="en">
 <head>
  <title>
</title>
<meta http-equiv="Content-Type" content="text/html;charset=utf-8" />
  <meta name='ocr-system' content='tesseract 3.04.00' />
  <meta name='ocr-capabilities' content='ocr_page ocr_carea ocr_par ocr_line ocrx_word'/>
</head>
<body>
  <div class='ocr_page' id='page_1' title='image "./povidiinasoniso03ovidgoog_0224.png"; bbox 0 0 2367 3992; ppageno 0'>
   <div class='ocr_carea' id='block_1_1' title="bbox 510 486 1935 870">
    <p class='ocr_par' dir='ltr' id='par_1_1' title="bbox 510 486 1935 870">
     <span class='ocr_line' id='line_1_1' title="bbox 510 486 1935 870; baseline 0 3122"><span class='ocrx_word' id='word_1_1' title='bbox 510 486 1935 870; x_wconf 95' lang='lat' dir='ltr'><strong> </strong></span> 
     </span>
    </p>
   </div>
   <div class='ocr_carea' id='block_1_2' title="bbox 658 985 1855 1237">
    <p class='ocr_par' dir='ltr' id='par_1_2' title="bbox 658 985 1855 1237">
     <span class='ocr_line' id='line_1_2' title="bbox 658 985 1855 1079; baseline -0.002 0"><span class='ocrx_word' id='word_1_2' title='bbox 658 990 1124 1079; x_wconf 89' lang='lat' dir='ltr'>0V1D11</span> <span class='ocrx_word' id='word_1_3' title='bbox 1223 985 1855 1078; x_wconf 84' lang='lat' dir='ltr'><strong>NASONIS</strong></span> 
     </span>
     <span class='ocr_line' id='line_1_3' title="bbox 881 1153 1696 1237; baseline -0.006 -11"><span class='ocrx_word' id='word_1_4' title='bbox 881 1157 1080 1226; x_wconf 85' lang='lat' dir='ltr'><strong>DE</strong></span> <span class='ocrx_word' id='word_1_5' title='bbox 1175 1153 1358 1225; x_wconf 80' lang='lat' dir='ltr'><strong>AR</strong></span> <span class='ocrx_word' id='word_1_6' title='bbox 1421 1155 1596 1224; x_wconf 84' lang='lat' dir='ltr'><strong>TE</strong></span> <span class='ocrx_word' id='word_1_7' title='bbox 1691 1233 1696 1237; x_wconf 84' lang='lat'><em>.</em></span> 
     </span>
    </p>
   </div>
   <div class='ocr_carea' id='block_1_3' title="bbox 605 1313 1903 1443">
    <p class='ocr_par' dir='ltr' id='par_1_3' title="bbox 605 1313 1903 1443">
     <span class='ocr_line' id='line_1_4' title="bbox 605 1313 1903 1443; baseline -0.007 0"><span class='ocrx_word' id='word_1_8' title='bbox 605 1313 1903 1443; x_wconf 63' lang='lat' dir='ltr'><strong>AMANDI</strong></span> 
     </span>
    </p>
   </div>
   <div class='ocr_carea' id='block_1_4' title="bbox 751 1503 1741 1580">
    <p class='ocr_par' dir='ltr' id='par_1_4' title="bbox 751 1503 1741 1580">
     <span class='ocr_line' id='line_1_5' title="bbox 751 1503 1741 1580; baseline -0.006 -2"><span class='ocrx_word' id='word_1_9' title='bbox 751 1509 1129 1580; x_wconf 75' lang='lat' dir='ltr'><strong><em>,LIBER</em></strong></span> <span class='ocrx_word' id='word_1_10' title='bbox 1224 1503 1741 1578; x_wconf 85' lang='lat' dir='ltr'><strong><em>PRIMUS.</em></strong></span> 
     </span>
    </p>
   </div>
   <div class='ocr_carea' id='block_1_5' title="bbox 422 1616 1919 3236">
    <p class='ocr_par' dir='ltr' id='par_1_5' title="bbox 422 1616 1919 3236">
     <span class='ocr_line' id='line_1_6' title="bbox 531 1616 1919 1754; baseline -0.004 -19"><span class='ocrx_word' id='word_1_11' title='bbox 531 1616 612 1736; x_wconf 81' lang='lat' dir='ltr'>S</span> <span class='ocrx_word' id='word_1_12' title='bbox 632 1702 650 1734; x_wconf 87' lang='grc' dir='ltr'>ι</span> <span class='ocrx_word' id='word_1_13' title='bbox 687 1686 794 1752; x_wconf 82' lang='lat' dir='ltr'><strong>quis</strong></span> <span class='ocrx_word' id='word_1_14' title='bbox 812 1685 863 1734; x_wconf 78' lang='lat' dir='ltr'><strong>in</strong></span> <span class='ocrx_word' id='word_1_15' title='bbox 885 1687 980 1735; x_wconf 83' lang='lat' dir='ltr'><strong>hoc</strong></span> <span class='ocrx_word' id='word_1_16' title='bbox 1013 1698 1166 1734; x_wconf 80' lang='lat' dir='ltr'><strong>aroem</strong></span> <span class='ocrx_word' id='word_1_17' title='bbox 1188 1682 1372 1750; x_wconf 83' lang='lat' dir='ltr'><strong>populo</strong></span> <span class='ocrx_word' id='word_1_18' title='bbox 1396 1697 1496 1732; x_wconf 86' lang='lat' dir='ltr'><strong>non</strong></span> <span class='ocrx_word' id='word_1_19' title='bbox 1516 1683 1659 1732; x_wconf 74' lang='lat' dir='ltr'><strong>novit</strong></span> <span class='ocrx_word' id='word_1_20' title='bbox 1680 1678 1919 1754; x_wconf 63' lang='lat' dir='ltr'><strong>amandi3</strong></span> 
     </span>
     <span class='ocr_line' id='line_1_7' title="bbox 587 1759 1731 1828; baseline -0.003 -16"><span class='ocrx_word' id='word_1_21' title='bbox 587 1763 673 1812; x_wconf 88' lang='lat' dir='ltr'><strong>Me</strong></span> <span class='ocrx_word' id='word_1_22' title='bbox 694 1762 822 1828; x_wconf 85' lang='lat' dir='ltr'><strong>legat</strong></span> <span class='ocrx_word' id='word_1_23' title='bbox 839 1783 850 1812; x_wconf 74' lang='lat' dir='ltr'>t</span> <span class='ocrx_word' id='word_1_24' title='bbox 873 1767 923 1812; x_wconf 72' lang='grc' dir='ltr'><strong>ὅ(</strong></span> <span class='ocrx_word' id='word_1_25' title='bbox 941 1798 956 1822; x_wconf 90' lang='grc'><strong><em>,</em></strong></span> <span class='ocrx_word' id='word_1_26' title='bbox 987 1763 1111 1812; x_wconf 75' lang='grc' dir='ltr'><strong>Ισᾶο</strong></span> <span class='ocrx_word' id='word_1_27' title='bbox 1132 1765 1342 1812; x_wconf 79' lang='lat' dir='ltr'><strong>carmine</strong></span> <span class='ocrx_word' id='word_1_28' title='bbox 1357 1795 1374 1817; x_wconf 88' lang='lat'><em>‚</em></span> <span class='ocrx_word' id='word_1_29' title='bbox 1393 1759 1560 1812; x_wconf 69' lang='lat' dir='ltr'><strong>dostus</strong></span> <span class='ocrx_word' id='word_1_30' title='bbox 1582 1775 1731 1810; x_wconf 75' lang='lat' dir='ltr'><strong>amet.</strong></span> 
     </span>
     <span class='ocr_line' id='line_1_8' title="bbox 522 1841 1766 1908; baseline -0.004 -16"><span class='ocrx_word' id='word_1_31' title='bbox 522 1841 638 1893; x_wconf 76' lang='lat' dir='ltr'><strong>Arte</strong></span> <span class='ocrx_word' id='word_1_32' title='bbox 658 1845 767 1892; x_wconf 80' lang='lat' dir='ltr'><strong>citae</strong></span> <span class='ocrx_word' id='word_1_33' title='bbox 794 1842 999 1908; x_wconf 80' lang='lat' dir='ltr'><strong>veloque</strong></span> <span class='ocrx_word' id='word_1_34' title='bbox 1021 1857 1141 1891; x_wconf 82' lang='lat' dir='ltr'><strong>rates</strong></span> <span class='ocrx_word' id='word_1_35' title='bbox 1161 1877 1176 1901; x_wconf 93' lang='lat'><strong>,</strong></span> <span class='ocrx_word' id='word_1_36' title='bbox 1211 1857 1441 1906; x_wconf 86' lang='lat' dir='ltr'><strong>remoque</strong></span> <span class='ocrx_word' id='word_1_37' title='bbox 1472 1852 1728 1889; x_wconf 81' lang='lat' dir='ltr'><strong>moventur</strong></span> <span class='ocrx_word' id='word_1_38' title='bbox 1749 1855 1766 1887; x_wconf 70' lang='grc' dir='ltr'><em>ε</em></span> 
     </span>
     <span class='ocr_line' id='line_1_9' title="bbox 585 1916 1630 1983; baseline -0.004 -13"><span class='ocrx_word' id='word_1_39' title='bbox 585 1920 698 1971; x_wconf 81' lang='lat' dir='ltr'><strong>Arte</strong></span> <span class='ocrx_word' id='word_1_40' title='bbox 719 1921 845 1969; x_wconf 89' lang='lat' dir='ltr'><strong>leves</strong></span> <span class='ocrx_word' id='word_1_41' title='bbox 865 1937 1055 1980; x_wconf 88' lang='lat' dir='ltr'><strong>currus,</strong></span> <span class='ocrx_word' id='word_1_42' title='bbox 1089 1934 1188 1970; x_wconf 85' lang='lat' dir='ltr'><strong>arte</strong></span> <span class='ocrx_word' id='word_1_43' title='bbox 1210 1916 1441 1983; x_wconf 86' lang='lat' dir='ltr'><strong>regendus</strong></span> <span class='ocrx_word' id='word_1_44' title='bbox 1462 1918 1630 1968; x_wconf 86' lang='lat' dir='ltr'><strong>Amor.</strong></span> 
     </span>
     <span class='ocr_line' id='line_1_10' title="bbox 455 1994 1905 2064; baseline 0.002 -20"><span class='ocrx_word' id='word_1_45' title='bbox 455 1994 481 2044; x_wconf 76' lang='lat'>5</span> <span class='ocrx_word' id='word_1_46' title='bbox 518 1996 751 2049; x_wconf 76' lang='lat' dir='ltr'><strong>Curribus</strong></span> <span class='ocrx_word' id='word_1_47' title='bbox 775 1996 1111 2054; x_wconf 84' lang='lat' dir='ltr'>Automedon,</span> <span class='ocrx_word' id='word_1_48' title='bbox 1143 1998 1376 2064; x_wconf 76' lang='lat' dir='ltr'><strong>lentisque</strong></span> <span class='ocrx_word' id='word_1_49' title='bbox 1399 2013 1499 2048; x_wconf 82' lang='lat' dir='ltr'><strong>erat</strong></span> <span class='ocrx_word' id='word_1_50' title='bbox 1516 2011 1653 2062; x_wconf 83' lang='lat' dir='ltr'><strong>aptus</strong></span> <span class='ocrx_word' id='word_1_51' title='bbox 1673 1995 1905 2047; x_wconf 72' lang='lat' dir='ltr'><strong>habenise</strong></span> 
     </span>
     <span class='ocr_line' id='line_1_11' title="bbox 583 2074 1677 2142; baseline 0 -18"><span class='ocrx_word' id='word_1_52' title='bbox 583 2074 764 2140; x_wconf 87' lang='lat' dir='ltr'><strong>Tiphys</strong></span> <span class='ocrx_word' id='word_1_53' title='bbox 793 2080 844 2125; x_wconf 86' lang='lat' dir='ltr'><strong>in</strong></span> <span class='ocrx_word' id='word_1_54' title='bbox 867 2077 1118 2127; x_wconf 84' lang='lat' dir='ltr'><strong>Haernonia</strong></span> <span class='ocrx_word' id='word_1_55' title='bbox 1139 2092 1295 2142; x_wconf 83' lang='lat' dir='ltr'><strong>puppe</strong></span> <span class='ocrx_word' id='word_1_56' title='bbox 1317 2075 1536 2140; x_wconf 82' lang='lat' dir='ltr'><strong>magister</strong></span> <span class='ocrx_word' id='word_1_57' title='bbox 1556 2090 1677 2126; x_wconf 79' lang='lat' dir='ltr'><strong>erat.</strong></span> 
     </span>
     <span class='ocr_line' id='line_1_12' title="bbox 509 2152 1687 2221; baseline 0 -19"><span class='ocrx_word' id='word_1_58' title='bbox 509 2152 602 2202; x_wconf 87' lang='lat' dir='ltr'><strong>Me</strong></span> <span class='ocrx_word' id='word_1_59' title='bbox 632 2154 793 2204; x_wconf 88' lang='lat' dir='ltr'><strong>Venus</strong></span> <span class='ocrx_word' id='word_1_60' title='bbox 817 2155 1049 2206; x_wconf 79' lang='lat' dir='ltr'><strong>artificem</strong></span> <span class='ocrx_word' id='word_1_61' title='bbox 1071 2172 1235 2206; x_wconf 87' lang='lat' dir='ltr'><strong>tenero</strong></span> <span class='ocrx_word' id='word_1_62' title='bbox 1258 2155 1472 2221; x_wconf 79' lang='lat' dir='ltr'><strong>praefecit</strong></span> <span class='ocrx_word' id='word_1_63' title='bbox 1493 2156 1687 2205; x_wconf 73' lang='lat' dir='ltr'><strong>Amori:</strong></span> 
     </span>
     <span class='ocr_line' id='line_1_13' title="bbox 581 2228 1666 2299; baseline 0.003 -21"><span class='ocrx_word' id='word_1_64' title='bbox 581 2228 764 2295; x_wconf 88' lang='lat' dir='ltr'><strong>Tiphys</strong></span> <span class='ocrx_word' id='word_1_65' title='bbox 787 2237 835 2280; x_wconf 86' lang='lat'>&amp;</span> <span class='ocrx_word' id='word_1_66' title='bbox 863 2233 1169 2283; x_wconf 80' lang='lat' dir='ltr'>Automedon</span> <span class='ocrx_word' id='word_1_67' title='bbox 1192 2232 1324 2283; x_wconf 84' lang='lat' dir='ltr'><strong>dicar</strong></span> <span class='ocrx_word' id='word_1_68' title='bbox 1344 2233 1535 2283; x_wconf 85' lang='lat' dir='ltr'><strong>Amoris</strong></span> <span class='ocrx_word' id='word_1_69' title='bbox 1556 2248 1666 2299; x_wconf 84' lang='lat' dir='ltr'><strong>ego.</strong></span> 
     </span>
     <span class='ocr_line' id='line_1_14' title="bbox 516 2305 1879 2380; baseline 0.004 -24"><span class='ocrx_word' id='word_1_70' title='bbox 516 2305 607 2356; x_wconf 87' lang='lat' dir='ltr'><strong>111e</strong></span> <span class='ocrx_word' id='word_1_71' title='bbox 628 2306 829 2373; x_wconf 84' lang='lat' dir='ltr'><strong>quidem</strong></span> <span class='ocrx_word' id='word_1_72' title='bbox 853 2309 977 2359; x_wconf 86' lang='lat' dir='ltr'><strong>ferus</strong></span> <span class='ocrx_word' id='word_1_73' title='bbox 1001 2311 1065 2359; x_wconf 88' lang='lat' dir='ltr'><strong>est</strong></span> <span class='ocrx_word' id='word_1_74' title='bbox 1081 2346 1098 2370; x_wconf 87' lang='lat'>‚</span> <span class='ocrx_word' id='word_1_75' title='bbox 1135 2316 1187 2359; x_wconf 87' lang='lat'>&amp;</span> <span class='ocrx_word' id='word_1_76' title='bbox 1206 2313 1292 2380; x_wconf 81' lang='lat' dir='ltr'><strong>qui</strong></span> <span class='ocrx_word' id='word_1_77' title='bbox 1318 2314 1439 2360; x_wconf 82' lang='lat' dir='ltr'><strong>mihi</strong></span> <span class='ocrx_word' id='word_1_78' title='bbox 1462 2313 1583 2376; x_wconf 79' lang='lat' dir='ltr'><strong>saepe</strong></span> <span class='ocrx_word' id='word_1_79' title='bbox 1607 2325 1845 2378; x_wconf 75' lang='lat' dir='ltr'><strong>repugnet</strong></span> <span class='ocrx_word' id='word_1_80' title='bbox 1862 2329 1879 2362; x_wconf 73' lang='lat' dir='ltr'><strong>s</strong></span> 
     </span>
     <span class='ocr_line' id='line_1_15' title="bbox 424 2383 1595 2454; baseline 0.006 -22"><span class='ocrx_word' id='word_1_81' title='bbox 424 2389 487 2422; x_wconf 74' lang='lat'><strong>¹0</strong></span> <span class='ocrx_word' id='word_1_82' title='bbox 581 2383 672 2434; x_wconf 87' lang='lat' dir='ltr'><strong>Sed</strong></span> <span class='ocrx_word' id='word_1_83' title='bbox 696 2403 809 2449; x_wconf 89' lang='lat' dir='ltr'><strong>puer</strong></span> <span class='ocrx_word' id='word_1_84' title='bbox 834 2389 899 2436; x_wconf 85' lang='lat' dir='ltr'><strong>est</strong></span> <span class='ocrx_word' id='word_1_85' title='bbox 918 2406 935 2447; x_wconf 80' lang='lat'><em>3</em></span> <span class='ocrx_word' id='word_1_86' title='bbox 957 2403 1068 2438; x_wconf 77' lang='lat' dir='ltr'><strong>aetas</strong></span> <span class='ocrx_word' id='word_1_87' title='bbox 1089 2388 1255 2438; x_wconf 83' lang='lat' dir='ltr'><strong>mollis</strong></span> <span class='ocrx_word' id='word_1_88' title='bbox 1273 2393 1322 2438; x_wconf 75' lang='grc' dir='ltr'><strong>δι</strong></span> <span class='ocrx_word' id='word_1_89' title='bbox 1346 2404 1454 2453; x_wconf 77' lang='lat' dir='ltr'><strong>apta</strong></span> <span class='ocrx_word' id='word_1_90' title='bbox 1478 2394 1595 2454; x_wconf 77' lang='lat' dir='ltr'><strong>regi.</strong></span> 
     </span>
     <span class='ocr_line' id='line_1_16' title="bbox 513 2463 1750 2532; baseline 0.002 -18"><span class='ocrx_word' id='word_1_91' title='bbox 513 2463 802 2527; x_wconf 84' lang='lat' dir='ltr'><strong>Phillyrides</strong></span> <span class='ocrx_word' id='word_1_92' title='bbox 822 2482 1020 2531; x_wconf 87' lang='lat' dir='ltr'><strong>puerum</strong></span> <span class='ocrx_word' id='word_1_93' title='bbox 1045 2466 1228 2516; x_wconf 59' lang='lat' dir='ltr'><strong>cithara</strong></span> <span class='ocrx_word' id='word_1_94' title='bbox 1248 2466 1451 2532; x_wconf 87' lang='lat' dir='ltr'><strong>perfecit</strong></span> <span class='ocrx_word' id='word_1_95' title='bbox 1471 2467 1711 2516; x_wconf 84' lang='lat' dir='ltr'><strong>Achillem</strong></span> <span class='ocrx_word' id='word_1_96' title='bbox 1729 2501 1750 2527; x_wconf 87' lang='lat'>,</span> 
     </span>
     <span class='ocr_line' id='line_1_17' title="bbox 578 2541 1697 2610; baseline 0.003 -19"><span class='ocrx_word' id='word_1_97' title='bbox 578 2541 736 2609; x_wconf 84' lang='lat' dir='ltr'><strong>Atque</strong></span> <span class='ocrx_word' id='word_1_98' title='bbox 767 2548 950 2594; x_wconf 77' lang='lat' dir='ltr'><strong>animos</strong></span> <span class='ocrx_word' id='word_1_99' title='bbox 975 2543 1166 2610; x_wconf 59' lang='lat' dir='ltr'><strong>placidi</strong></span> <span class='ocrx_word' id='word_1_100' title='bbox 1186 2543 1410 2594; x_wconf 86' lang='lat' dir='ltr'><strong>contudit</strong></span> <span class='ocrx_word' id='word_1_101' title='bbox 1430 2561 1528 2593; x_wconf 87' lang='lat' dir='ltr'><strong>arte</strong></span> <span class='ocrx_word' id='word_1_102' title='bbox 1551 2544 1697 2594; x_wconf 88' lang='lat' dir='ltr'><strong>feros.</strong></span> 
     </span>
     <span class='ocr_line' id='line_1_18' title="bbox 515 2620 1625 2683; baseline 0.002 -14"><span class='ocrx_word' id='word_1_103' title='bbox 515 2620 613 2680; x_wconf 79' lang='lat' dir='ltr'><strong>Qui</strong></span> <span class='ocrx_word' id='word_1_104' title='bbox 643 2625 783 2671; x_wconf 87' lang='lat' dir='ltr'><strong>toties</strong></span> <span class='ocrx_word' id='word_1_105' title='bbox 807 2625 961 2673; x_wconf 88' lang='lat' dir='ltr'><strong>socios</strong></span> <span class='ocrx_word' id='word_1_106' title='bbox 978 2658 995 2683; x_wconf 91' lang='lat'><strong>,</strong></span> <span class='ocrx_word' id='word_1_107' title='bbox 1020 2626 1161 2674; x_wconf 84' lang='lat' dir='ltr'><strong>toties</strong></span> <span class='ocrx_word' id='word_1_108' title='bbox 1181 2625 1406 2674; x_wconf 86' lang='lat' dir='ltr'><strong>exterruit</strong></span> <span class='ocrx_word' id='word_1_109' title='bbox 1430 2624 1584 2672; x_wconf 87' lang='lat' dir='ltr'><strong>hostes</strong></span> <span class='ocrx_word' id='word_1_110' title='bbox 1608 2641 1625 2682; x_wconf 77' lang='lat'>3</span> 
     </span>
     <span class='ocr_line' id='line_1_19' title="bbox 579 2689 1592 2765; baseline 0.001 -17"><span class='ocrx_word' id='word_1_111' title='bbox 579 2697 807 2750; x_wconf 85' lang='lat' dir='ltr'><strong>Creditur</strong></span> <span class='ocrx_word' id='word_1_112' title='bbox 827 2703 1060 2751; x_wconf 81' lang='lat' dir='ltr'><strong>annosum</strong></span> <span class='ocrx_word' id='word_1_113' title='bbox 1093 2689 1386 2765; x_wconf 63' lang='lat' dir='ltr'><strong>pertimuisse</strong></span> <span class='ocrx_word' id='word_1_114' title='bbox 1412 2703 1592 2751; x_wconf 84' lang='lat' dir='ltr'><strong>senem.</strong></span> 
     </span>
     <span class='ocr_line' id='line_1_20' title="bbox 422 2773 1779 2845; baseline 0.006 -22"><span class='ocrx_word' id='word_1_115' title='bbox 422 2776 443 2808; x_wconf 81' lang='lat'>¹</span> <span class='ocrx_word' id='word_1_116' title='bbox 456 2777 476 2823; x_wconf 94' lang='lat'><em>5</em></span> <span class='ocrx_word' id='word_1_117' title='bbox 515 2773 649 2836; x_wconf 78' lang='lat' dir='ltr'><strong>Quas</strong></span> <span class='ocrx_word' id='word_1_118' title='bbox 673 2778 848 2828; x_wconf 71' lang='lat' dir='ltr'><strong>Hector</strong></span> <span class='ocrx_word' id='word_1_119' title='bbox 870 2781 1083 2829; x_wconf 83' lang='lat' dir='ltr'><strong>sensurus</strong></span> <span class='ocrx_word' id='word_1_120' title='bbox 1105 2795 1238 2840; x_wconf 81' lang='lat' dir='ltr'><strong>erat,</strong></span> <span class='ocrx_word' id='word_1_121' title='bbox 1265 2779 1491 2845; x_wconf 87' lang='lat' dir='ltr'><strong>poscente</strong></span> <span class='ocrx_word' id='word_1_122' title='bbox 1514 2779 1779 2845; x_wconf 77' lang='lat' dir='ltr'><strong>magistro,</strong></span> 
     </span>
     <span class='ocr_line' id='line_1_21' title="bbox 579 2853 1574 2922; baseline 0.006 -21"><span class='ocrx_word' id='word_1_123' title='bbox 579 2853 865 2904; x_wconf 80' lang='lat' dir='ltr'><strong>Verberibus</strong></span> <span class='ocrx_word' id='word_1_124' title='bbox 887 2856 1028 2921; x_wconf 74' lang='lat' dir='ltr'><strong>iussas</strong></span> <span class='ocrx_word' id='word_1_125' title='bbox 1048 2858 1250 2922; x_wconf 81' lang='lat' dir='ltr'><strong>praebuit</strong></span> <span class='ocrx_word' id='word_1_126' title='bbox 1281 2856 1367 2905; x_wconf 86' lang='lat' dir='ltr'><strong>ille</strong></span> <span class='ocrx_word' id='word_1_127' title='bbox 1386 2874 1574 2907; x_wconf 85' lang='lat' dir='ltr'><strong>manus.</strong></span> 
     </span>
     <span class='ocr_line' id='line_1_22' title="bbox 511 2928 1755 2997; baseline 0.003 -16"><span class='ocrx_word' id='word_1_128' title='bbox 511 2928 721 2981; x_wconf 77' lang='lat' dir='ltr'><strong>AEacidae</strong></span> <span class='ocrx_word' id='word_1_129' title='bbox 756 2931 946 2980; x_wconf 82' lang='lat' dir='ltr'><strong>Chiron</strong></span> <span class='ocrx_word' id='word_1_130' title='bbox 961 2968 979 2991; x_wconf 90' lang='lat'>‚</span> <span class='ocrx_word' id='word_1_131' title='bbox 1003 2949 1094 2996; x_wconf 87' lang='lat' dir='ltr'><strong>ego</strong></span> <span class='ocrx_word' id='word_1_132' title='bbox 1117 2935 1222 2980; x_wconf 84' lang='lat' dir='ltr'><strong>sum</strong></span> <span class='ocrx_word' id='word_1_133' title='bbox 1245 2947 1507 2997; x_wconf 67' lang='lat' dir='ltr'><strong>preceptor</strong></span> <span class='ocrx_word' id='word_1_134' title='bbox 1530 2936 1755 2986; x_wconf 71' lang='lat' dir='ltr'><strong>Amori-ss</strong></span> 
     </span>
     <span class='ocr_line' id='line_1_23' title="bbox 579 3010 1657 3077; baseline 0.001 -19"><span class='ocrx_word' id='word_1_135' title='bbox 579 3010 736 3059; x_wconf 77' lang='lat' dir='ltr'><strong>Saevus</strong></span> <span class='ocrx_word' id='word_1_136' title='bbox 759 3023 956 3074; x_wconf 84' lang='lat' dir='ltr'><strong>uterque</strong></span> <span class='ocrx_word' id='word_1_137' title='bbox 981 3025 1097 3073; x_wconf 87' lang='lat' dir='ltr'><strong>puer</strong></span> <span class='ocrx_word' id='word_1_138' title='bbox 1113 3043 1130 3067; x_wconf 87' lang='lat'>,</span> <span class='ocrx_word' id='word_1_139' title='bbox 1156 3023 1295 3057; x_wconf 84' lang='lat' dir='ltr'><strong>natus</strong></span> <span class='ocrx_word' id='word_1_140' title='bbox 1315 3024 1512 3077; x_wconf 87' lang='lat' dir='ltr'><strong>uterque</strong></span> <span class='ocrx_word' id='word_1_141' title='bbox 1534 3012 1657 3062; x_wconf 62' lang='lat' dir='ltr'><strong>Des.</strong></span> 
     </span>
     <span class='ocr_line' id='line_1_24' title="bbox 516 3083 1662 3152; baseline 0.004 -16"><span class='ocrx_word' id='word_1_142' title='bbox 516 3083 609 3136; x_wconf 87' lang='lat' dir='ltr'><strong>Sed</strong></span> <span class='ocrx_word' id='word_1_143' title='bbox 627 3101 786 3136; x_wconf 83' lang='lat' dir='ltr'><strong>tamen</strong></span> <span class='ocrx_word' id='word_1_144' title='bbox 814 3089 863 3136; x_wconf 76' lang='grc' dir='ltr'><strong>δι</strong></span> <span class='ocrx_word' id='word_1_145' title='bbox 886 3088 1007 3134; x_wconf 85' lang='lat' dir='ltr'><strong>tauri</strong></span> <span class='ocrx_word' id='word_1_146' title='bbox 1033 3089 1191 3135; x_wconf 84' lang='lat' dir='ltr'><strong>cervix</strong></span> <span class='ocrx_word' id='word_1_147' title='bbox 1221 3103 1443 3138; x_wconf 77' lang='lat' dir='ltr'><strong>oneratur</strong></span> <span class='ocrx_word' id='word_1_148' title='bbox 1464 3105 1621 3141; x_wconf 81' lang='lat' dir='ltr'><strong>aratro</strong></span> <span class='ocrx_word' id='word_1_149' title='bbox 1638 3123 1662 3152; x_wconf 82' lang='lat'><strong>,</strong></span> 
     </span>
     <span class='ocr_line' id='line_1_25' title="bbox 422 3163 1637 3236; baseline 0.005 -22"><span class='ocrx_word' id='word_1_150' title='bbox 422 3169 484 3204; x_wconf 84' lang='lat'><strong>²0</strong></span> <span class='ocrx_word' id='word_1_151' title='bbox 519 3164 758 3230; x_wconf 71' lang='lat' dir='ltr'><strong>frenaque</strong></span> <span class='ocrx_word' id='word_1_152' title='bbox 779 3166 1074 3231; x_wconf 81' lang='lat' dir='ltr'><strong>magnanimi</strong></span> <span class='ocrx_word' id='word_1_153' title='bbox 1097 3163 1239 3218; x_wconf 84' lang='lat' dir='ltr'><strong>dente</strong></span> <span class='ocrx_word' id='word_1_154' title='bbox 1270 3179 1482 3220; x_wconf 77' lang='lat' dir='ltr'><strong>teruntur</strong></span> <span class='ocrx_word' id='word_1_155' title='bbox 1502 3171 1637 3236; x_wconf 69' lang='lat' dir='ltr'><strong>equi.</strong></span> 
     </span>
    </p>
   </div>
  </div>
 </body>
</html>
