2367 3992
225 544 227 549 .
284 456 916 554 ZrnnnIAEtnorxVL133

211 578 310 628 Urbibus
320 581 419 630 obsessis
434 581 517 632 clausa
527 584 662 632 munimina
676 599 753 648 pottae

241 659 335 708 Prosint
348 663 390 708 :in
398 658 478 709 medii
488 676 546 725 pace
559 659 619 726 quid
631 678 697 710 arma
707 666 794 713 times?

210 734 273 795 Quid
287 736 359 786 facias
370 739 447 793 hosti,
459 742 501 803 qui
514 741 547 787 sie
560 740 665 790 excludis
676 744 815 790 amantem?

241 815 363 877 Tempora
373 816 517 866 noais'eunt
529 833 535 864 ε
547 832 630 866 excute
640 819 705 883 poste
716 820 802 869 seram.

210 891 265 940 Non
277 907 322 956 ego
335 891 453 941 militibus
462 897 533 943 venio
545 899 673 944 comitatus
685 900 710 944 ὃ(
721 899 809 946 armis:

240 969 308 1018 Solus
319 984 400 1030 eram,
414 972 433 1020 si
444 987 494 1020 non
505 974 578 1022 savus
588 970 678 1023 adesset
687 975 770 1024 Amor.

208 1044 277 1096 Hunc
288 1064 348 1112 ego,
362 1052 382 1096 si
395 1053 504 1114 cupiam,
515 1053 632 1116 nusquam
647 1049 767 1102 dimittere
777 1054 876 1118 possim.
943 1060 970 1106 ³5

239 1126 301 1174 Ante
317 1126 357 1176 vel
371 1143 385 1175 a
398 1129 511 1175 membris
522 1126 616 1178 dividar
628 1131 677 1192 ipse
687 1133 754 1178 meis.

206 1202 271 1267 Ergo
281 1204 376 1264 rimor,
390 1207 414 1252 &
425 1202 551 1253 modicum
561 1208 685 1256 circa‘mea
695 1222 803 1272 tempora
812 1195 897 1258 vinum

239 1281 339 1331 Mecum
352 1282 403 1336 est,
413 1285 438 1330 ὃ(
451 1279 554 1330 madidis
567 1282 632 1347 lapsa
642 1300 730 1332 corona
741 1287 827 1333 comis¹

206 1357 280 1409 Arma
290 1363 344 1427 quis
351 1363 402 1410 lraec
412 1362 496 1409 timeat
506 1363 514 1409 Ξ
526 1363 578 1426 quis
589 1378 639 1411 non
650 1378 688 1411 eat
698 1362 782 1412 obvius
789 1362 837 1412 illis
847 1366 856 1411 ἒ

240 1437 362 1502 Tempora
372 1440 446 1487 noetis
457 1453 529 1486 eunt:
540 1454 622 1488 excute
632 1440 696 1505 poste
707 1442 792 1490 setam.
939 1455 972 1500 4²

206 1514 296 1565 Lentus
308 1534 332 1565 es
344 1521 352 1566 Ξ
369 1534 399 1565 an
409 1519 522 1577 somnus,
536 1520 611 1584 quise
623 1519 686 1568 male
697 1520 786 1584 prabet
796 1521 901 1580 amanti,

240 1595 320 1644 Verba
330 1592 371 1644 dat
381 1597 406 1644 iu
417 1610 501 1645 ventos
513 1612 567 1645 aure
577 1596 669 1661 repulsa
680 1596 737 1646 tui?

205 1674 240 1723 Ar
251 1671 260 1739 (
271 1672 387 1740 memini)
400 1674 497 1738 primo,
510 1672 565 1722 clun
575 1688 599 1722 te
610 1674 685 1724 celare
696 1675 819 1737 solebam,

240 1751 343 1816 Pervigil
354 1753 379 1800 in
389 1749 475 1809 media
486 1749 562 1799 sidera
572 1754 647 1800 nostis
658 1768 716 1801 eras.

203 1830 315 1879 forsitan
328 1833 353 1879 be
365 1845 445 1879 tecum
452 1844 494 1878 tua
503 1845 566 1878 nunc
577 1831 702 1894 requiescit
708 1833 794 1880 amica.
849 1844 850 1847 ’
941 1852 972 1897 45

241 1909 308 1958 Heu!
329 1908 415 1957 melior
430 1922 520 1974 quanto
533 1909 580 1956 sors
592 1923 633 1956 tua
645 1909 708 1956 sorte
722 1908 789 1956 meai!

205 1983 351 2036 Dummodo
362 1990 412 2046 sie,
428 1990 454 2034 in
465 2002 503 2034 me
514 1984 578 2034 dure
589 1989 686 2034 transite
696 2002 794 2035 catenae.

242 2065 362 2130 Tempora
373 2068 447 2114 nostis
458 2081 515 2115 eunt
526 2085 531 2114 ε
543 2080 625 2115 excute
639 2066 704 2130 poste
715 2067 800 2114 seram.

207 2143 343 2192 fallimur-i
359 2160 389 2192 an
399 2146 466 2195 verso
480 2146 610 2193 sonuerunt
628 2133 723 2192 cardine
734 2143 826 2208 postes?

241 2223 368 2287 Raucaque
379 2219 495 2271 coneullae
505 2217 571 2287 signa
582 2219 667 2271 dedite
682 2220 761 2270 fores?
800 2275 803 2281 ,
944 2241 975 2286 5⁰

206 2299 324 2352 Fallimur
334 2299 451 2364 :impulsa
462 2300 495 2348 est
507 2302 615 2350 animoso
625 2305 696 2366 janua
705 2315 789 2350 vento.

242 2379 287 2427 Hei
300 2379 374 2426 mihi!
391 2378 465 2444 quim
477 2377 548 2444 longi
561 2381 627 2445 spem
638 2379 695 2428 tulit
708 2388 767 2428 aura‘·
773 2377 869 2428 meanti

208 2457 233 2505 Si
245 2457 298 2506 satis
310 2473 333 2506 es
347 2472 434 2522 raptae,
447 2457 538 2514 Borea,
550 2474 644 2505 mernor
656 2457 787 2518 Orithviae,

242 2535 295 2584 Huc
309 2534 377 2594 ades3
390 2539 414 2584 ὃ(
426 2533 505 2584 surdas
516 2533 612 2584 flamine
624 2533 697 2584 tunde
712 2522 784 2583 fores.

207 2612 275 2661 Urbe
288 2613 359 2662 silent
370 2612 436 2663 toti:
449 2615 574 2677 vitreoque
585 2610 707 2660 madentia
716 2628 769 2660 rote
944 2642 971 2687 Η

242 2692 363 2756 Tempora
372 2693 448 2739 nouis
463 2705 521 2738 eunt
530 2708 535 2737 :
545 2705 626 2739 excute
636 2690 701 2753 poste
709 2690 795 2738 serant.

208 2769 257 2819 Aut
270 2787 313 2834 ego
324 2774 374 2834 jam
384 2768 493 2834 ferroque
503 2769 600 2833 ignique
611 2770 714 2832 paratior
721 2769 789 2830 ipse,

242 2846 321 2906 Quem
333 2847 384 2895 face
394 2845 511 2905 sustineo,
524 2847 583 2894 teila
594 2844 693 2910 superba
703 2859 794 2910 petant.

186 2949 188 2952 ⁴
209 2923 302 2975 Nox&
314 2925 388 2974 Amor
398 2927 528 2991 vinumque
539 2924 600 2973 nihil
612 2921 758 2973 moderabile
770 2923 880 2976 suadent:
969 2981 972 2986 ,

242 3003 287 3051 llla
297 2999 389 3068 pudore
398 3018 465 3052 vacat
476 3037 484 3062 ,
498 3003 567 3050 Liber
579 3001 701 3068 Amorque
712 3018 787 3052 metu.
943 3018 974 3057 so

211 3080 299 3130 Omnia
313 3082 432 3129 consumti
444 3100 449 3128 :
460 3098 503 3130 nec
515 3097 537 3130 te
546 3082 682 3146 precibusve
695 3083 794 3132 minisve

242 3159 380 3218 Movinrus,
392 3158 427 3210 bl
442 3158 532 3210 foribus
541 3158 635 3210 surdior
644 3160 693 3226 ipse
707 3161 762 3211 tuis.
