2367 3992
306 473 566 542 Hunornes.
589 472 664 538 Er.
685 459 789 539 XXI.
843 494 908 559 ¹¹9

189 596 290 649 Sustulit
305 599 352 645 hoc
363 599 457 656 nutrix,
472 599 604 660 mirataque
614 611 622 651 3
634 592 747 658 Perlege,
759 588 828 641 dixit.

223 675 325 726 Insidias
339 675 402 739 legi,
417 691 503 738 magne
515 679 599 738 poeta,
611 689 671 721 tuas.
915 686 959 719 rto

190 755 299 806 Nomine
309 755 415 819 conjugii
427 751 505 811 diuo,
516 752 616 800 confusa
627 748 738 816 pudore,

223 836 290 883 Sensi
300 849 340 880 me
351 835 407 881 totis
418 824 534 878 erubuisse
549 833 631 894 genis:

190 913 342 976 Luminaque
355 913 379 958 in
392 912 500 973 gremio,
511 907 586 958 veluti
598 906 690 962 defusa,
706 906 834 966 tenebam

223 990 328 1038 Lumina
338 990 455 1052 propositi
468 986 527 1035 faeta
538 987 644 1035 ministra
654 990 700 1035 tui.

190 1067 318 1132 improbe,
329 1063 389 1130 quid
401 1062 500 1129 gaudes?
513 1079 553 1112 aut
564 1081 616 1130 quae
629 1066 672 1112 tibi
683 1065 760 1129 gloria
770 1079 837 1129 parta
848 1063 898 1113 est?
914 1085 956 1130 115

224 1142 320 1204 Quidve
330 1146 367 1192 uir
378 1177 386 1202 ,
398 1141 463 1190 elustl
472 1145 578 1205 virgine,
588 1141 664 1191 laudis
674 1145 761 1191 habes?

190 1221 249 1271 Non
260 1238 306 1286 ego
317 1221 468 1269 constiteram
480 1255 487 1278 ,
500 1220 577 1268 sunna
588 1220 677 1284 peltata
685 1223 777 1280 securi,

224 1301 307 1360 Qualis
321 1301 347 1347 in
357 1299 432 1347 Iliaco
443 1297 589 1346 Penthesilea
601 1299 661 1347 solo.

190 1377 278 1428 Nullus
288 1380 423 1426 Amazonio
435 1377 530 1424 caelatus
544 1377 635 1427 balteus
646 1393 721 1436 atrro,

170 1509 172 1513 ,
223 1457 290 1504 Sicut
299 1457 329 1504 ab
340 1453 472 1519 Hippolyte
483 1452 561 1519 praeda
572 1455 646 1504 relata
657 1458 700 1504 tibi
711 1454 751 1504 est.
912 1463 957 1498 120

190 1535 287 1596 Verba,
302 1533 363 1601 quid
374 1537 488 1589 exsultas,
508 1551 547 1584 tua
558 1537 576 1584 si
587 1537 647 1583 mihi
656 1535 728 1585 verba
739 1531 869 1582 dederunt?

223 1614 329 1678 Sumque
340 1630 422 1679 parurn
434 1612 536 1678 prudens
547 1629 616 1678 capta
627 1613 707 1677 puella
716 1611 795 1662 dolis?

186 1689 319 1757 Cydippen
330 1709 448 1757 pomum,
463 1708 563 1757 pomum
575 1689 716 1740 Schoene'ida
725 1694 797 1756 cepit.
825 1736 829 1742 ,

223 1769 261 1817 Tu
272 1786 336 1818 nunc
345 1770 507 1835 Hippomenes
517 1769 608 1818 scilicet
618 1769 678 1817 alter
687 1772 741 1817 eris.

187 1847 221 1895 At
233 1846 313 1896 fuerat
325 1848 428 1907 melius,
438 1852 458 1896 si
471 1864 493 1896 re
506 1865 563 1913 puer
573 1847 615 1896 iste
624 1848 738 1906 tenebat,

222 1925 302 1985 Quem
311 1941 337 1974 tu
348 1928 428 1974 nescio
439 1943 496 1993 quas
504 1925 561 1975 (licis
570 1928 655 1974 habere
665 1926 740 1984 faces,

186 2004 259 2052 More
270 2006 339 2053 bonis
351 2005 439 2064 solito,
455 2007 520 2069 spem
530 2021 580 2054 non
590 2020 740 2068 corrumpere
747 2002 838 2052 fraude.

222 2081 350 2131 Exoranda
367 2085 424 2137 tibi,
439 2099 490 2132 non
503 2081 617 2147 capienda
628 2083 671 2130 fui.
751 2085 755 2094 '

187 2157 259 2220 Cur,
273 2177 313 2210 me
328 2160 384 2211 edm
394 2179 500 2226 peteres,
513 2178 539 2210 ea
550 2178 599 2211 non
611 2159 745 2225 profitenda
754 2163 869 2227 putabas,

220 2239 321 2305 Propter
331 2257 384 2306 quae
394 2242 463 2308 nobis
473 2244 521 2306 ipse
530 2239 645 2306 petendus
655 2244 718 2290 erasi
909 2249 954 2293 ¹30

187 2315 286 2381 Cogere
300 2336 342 2368 cur
353 2320 447 2388 potitis,
460 2320 534 2386 quam
545 2317 698 2386 persuadere,
711 2318 824 2369 volebas?

223 2397 248 2442 Si
264 2411 390 2460 poteram,
405 2396 487 2446 audita
497 2397 653 2456 conditione,
665 2402 726 2462 capi.

189 2471 258 2531 Quid
271 2475 316 2522 tibi
326 2491 390 2523 nnnc
402 2474 497 2540 prodest
512 2476 606 2540 jurandi
621 2475 725 2525 formula
734 2477 806 2542 jutis?

221 2551 362 2618 Linguaque
371 2557 509 2620 presentem
517 2555 639 2606 testificata
645 2546 740 2613 Deam?

186 2626 250 2688 Quae
262 2634 342 2695 jurat.
354 2649 419 2681 mens
431 2635 478 2682 est:
490 2635 523 2683 nil
535 2639 711 2699 conjuravimus
721 2632 773 2681 illa.
908 2658 950 2703 ¹35

223 2707 268 2757 llla
279 2706 354 2758 fidem
366 2709 434 2760 diuis
445 2710 531 2760 addere
541 2711 591 2761 sola
601 2713 685 2775 potest.

187 2783 329 2835 Consilium
342 2788 492 2856 prudensque
502 2793 575 2839 animi
590 2790 705 2839 sententia
713 2795 790 2856 jurat:

222 2864 254 2913 Et
263 2868 309 2915 nisi
319 2865 403 2931 judicii
413 2869 509 2918 vincula
517 2867 583 2916 nulla
593 2869 683 2919 valent.

189 2941 215 2989 Si
227 2943 271 2991 tibi
283 2947 425 3010 conjugium
435 2946 501 2995 volui
514 2950 654 3012 promittere
667 2946 789 3008 nostrum,

221 3019 296 3086 Exige
310 3022 415 3088 polliciti
425 3022 505 3073 debita
515 3031 567 3090 jura
578 3029 639 3075 tori:
909 3047 953 3089 140

186 3097 252 3159 Sed,
265 3104 284 3148 si
298 3099 334 3151 n'il
345 3101 455 3153 dedimus
466 3120 549 3169 praeter
559 3109 609 3155 sine
622 3107 715 3170 penore
725 3121 826 3167 vocem,

223 3177 304 3230 Verba
313 3183 360 3231 suis
370 3181 455 3234 frustra
463 3184 552 3235 viribus
561 3186 621 3234 orba
630 3200 704 3235 tenes.
750 3216 753 3220 ·
789 3216 792 3221 -
818 3215 822 3221 -
866 3214 870 3221 -
