2367 3992
225 512 228 519 ·
315 483 386 551 '268
443 476 959 553 Ovrntt'Nasours·

270 610 275 617 '
347 605 405 655 Non
417 605 476 654 bene
486 619 541 653 eum
555 605 624 653 suciis
635 619 708 668 tegna
717 604 848 670 Venusque
859 617 970 662 manent,

268 683 361 744 5651lle
380 700 448 733 vetus
459 683 527 732 miles
539 684 626 731 sensim
639 685 664 731 bc
676 683 793 746 sapienter
805 683 918 744 amabit,
1018 686 1023 729 '.
1036 673 1039 678 ’

349 762 475 826 Multaque
486 763 560 809 tironi
573 777 624 809 non
634 756 747 825 patienda
758 759 827 809 seret.

316 839 369 890 Nee
379 840 473 905 franget
484 839 577 904 postes,
590 854 635 887 nec
651 839 715 886 saevis
726 839 823 902 ignibus
835 853 907 888 uretr

348 917 400 975 Nec
409 915 514 966 domina
527 931 619 964 teneras
634 929 731 980 appetet
741 931 821 980 ungue
834 932 917 981 genas.
971 958 973 961 .

275 1025 279 1036 ·
315 994 368 1045 Nec
386 991 478 1042 scindet
488 996 610 1042 tunicasve
624 994 689 1055 suas,
704 995 827 1042 tunicasve
836 992 943 1058 puellas

270 1090 316 1138 57⁰
348 1071 400 1120 Nec
416 1085 495 1136 raptus
507 1068 580 1119 flendi
591 1072 661 1119 causa
671 1070 773 1135 capillus
788 1074 844 1120 erit.
917 1092 921 1098 ·

315 1148 361 1198 Ista
370 1147 456 1198 decent
470 1164 571 1214 pueros,
583 1162 652 1197 aetate
664 1151 688 1198 bt
700 1164 782 1197 amore
792 1148 915 1200 calentete

350 1227 397 1277 Hic
412 1227 463 1278 sera
476 1225 614 1293 compositi
627 1226 726 1277 vulnera
736 1241 819 1276 mente
830 1227 902 1281 seret.

316 1304 415 1370 Ignibus
426 1307 466 1355 hic
477 1305 547 1371 lentis
564 1320 645 1354 urente
654 1339 662 1365 ,
672 1319 699 1353 ut
709 1302 810 1353 humida
820 1304 903 1365 tadu

298 1382 300 1387 ’
350 1383 386 1434 Ut
396 1382 472 1434 modb
487 1387 609 1433 montanis
620 1382 681 1432 silva
696 1384 769 1431 recisa
778 1385 852 1447 jugis.

271 1466 281 1512 5
286 1467 313 1514 75
318 1459 416 1516 Certior
423 1465 462 1511 hic
471 1477 539 1510 amor
549 1461 598 1509 est:
610 1462 687 1510 brevis
699 1463 723 1510 &
737 1459 866 1512 fecundior
878 1461 931 1516 ille.

352 1540 412 1600 Quae
423 1540 534 1604 fugiunt,
545 1538 617 1586 celeri
629 1541 719 1602 carpite
725 1554 799 1602 poma
810 1555 897 1590 manu.
923 1598 925 1603 Ι

317 1619 408 1668 Omnia
419 1615 542 1666 tradantur
553 1634 560 1664 t
573 1630 653 1681 portas
665 1619 819 1666 reseravimus
829 1618 914 1679 hosti;

351 1696 382 1746 Et
391 1698 454 1745 sitin
463 1692 538 1743 infida
548 1691 685 1759 proditione
699 1692 767 1744 fides.

305 1810 307 1815 s
319 1773 394 1837 Quod
409 1772 479 1824 datur
491 1789 520 1821 ex
530 1771 597 1821 facili
604 1807 613 1833 ,
625 1772 726 1838 longum
738 1771 802 1822 male
811 1777 893 1825 nutrit
902 1792 1018 1829 amorerat

274 1850 320 1913 580
352 1850 477 1904 Miscenda
488 1851 520 1900 est
531 1851 591 1900 latis
602 1867 653 1899 rara
666 1851 757 1915 repulsa
770 1854 841 1916 jocis.

319 1932 382 1983 Ante
400 1932 463 1981 sores
478 1934 567 1994 jaceat:
579 1926 682 1978 crudelis
694 1932 784 1992 janua,
801 1930 911 1983 clamet:

323 2062 325 2067 ‚
352 2009 480 2074 Multaque
491 2005 619 2065 submissd,
628 2006 706 2055 multa
716 2010 837 2058 minanter
845 2027 913 2076 agat.

319 2087 409 2138 Dulcia
419 2103 468 2136 uon
483 2086 580 2137 serimus
592 2104 598 2133 :
611 2087 681 2134 succo
690 2101 834 2136 renovemur
844 2105 946 2141 amaro:

353 2167 418 2230 Saepe
429 2167 490 2229 perit
507 2166 585 2213 ventis
601 2164 688 2212 obruta
702 2165 789 2226 cymba
804 2167 861 2216 suis.

172 2270 178 2284 .
276 2242 376 2305 585H0c
388 2243 435 2300 est,
454 2258 537 2290 uxores
554 2239 622 2306 quod
632 2258 682 2289 non
692 2245 796 2306 patiatur
808 2249 885 2295 amari
897 2265 904 2296 ι

355 2319 511 2370 Conveniunt
525 2318 593 2377 illas,
606 2318 662 2366 culm
676 2319 787 2379 voluere,
806 2325 863 2372 viri.

323 2397 393 2448 Obde
410 2397 487 2446 forem
498 2412 505 2454 ;
517 2399 542 2444 bt
554 2393 615 2443 duro
627 2393 692 2445 dicat
703 2398 746 2445 tibi
755 2401 844 2462 janitor
854 2418 914 2457 ore,

355 2477 414 2528 Non
427 2490 493 2542 potes
505 2494 511 2523 ε
524 2474 646 2522 exclusum
657 2489 680 2522 te
691 2492 787 2542 quoque
797 2493 881 2543 tanget
892 2497 969 2531 amor.

323 2557 409 2607 Ponite
419 2559 468 2620 jam
482 2551 574 2617 gladios
582 2553 690 2600 hebetes:
701 2569 820 2618 pugnetur
831 2561 918 2608 acutis.

279 2645 324 2694 590
357 2634 410 2684 Nec
426 2630 525 2690 dubito,
544 2630 596 2679 telis
607 2633 664 2695 quin
673 2646 739 2695 petar
748 2635 798 2698 ipse
809 2637 879 2684 meis.

324 2713 392 2761 Dum
406 2708 470 2760 cadit
480 2712 505 2757 in
517 2709 613 2773 laqueos
624 2724 706 2773 captus
716 2727 814 2777 quoque
824 2731 902 2780 nuper
912 2731 999 2768 amator
1006 2748 1020 2776 ,.

314 2823 316 2828 ·
357 2790 442 2840 Solum
453 2789 475 2836 se
487 2787 605 2835 thalamos
613 2788 689 2850 speret
699 2789 786 2837 habere
797 2805 862 2847 tuos,

220 2894 225 2903 ·
326 2864 456 2918 Postmodo
469 2864 568 2914 rivalem
581 2901 589 2924 ,
604 2859 738 2931 partitaque
748 2867 842 2918 foedera
851 2870 907 2921 leui

359 2948 449 3002 Sentiat
460 2962 466 2992 ε
478 2947 519 2995 has
531 2957 591 2991 artes
604 2943 679 3002 tolle,
696 2946 799 2996 senescet
808 2964 888 2999 amor.

281 3025 391 3088 5⁴95T¹¹¹¹¹
403 3023 462 3070 bene
474 3020 543 3068 sor‘tis
556 3036 645 3085 equus,
658 3024 760 3073 reserato
770 3041 881 3087 carcere,
891 3032 979 3088 currit3

360 3098 442 3154 Cilm,
461 3114 520 3164 quos
532 3113 671 3162 praetereat,
682 3117 790 3166 quosque
800 3105 924 3170 sequatur,
938 3110 1009 3158 habet.

329 3179 468 3243 Quamlibet
478 3179 592 3230 exnuuos
602 3180 689 3244 injuria
697 3180 794 3233 suscitat
803 3184 883 3249 ignes.
