2367 3992
323 528 590 595 Ennomus,
614 520 692 590 Er.
718 523 773 589 ΙΙ.
886 547 905 607 9

183 641 213 694 ln
230 646 293 697 freta
307 665 441 714 procurro,
452 650 492 696 vix
505 663 544 695 me
556 647 712 695 retinentibus
724 641 809 703 undis,

217 727 316 776 Mobile
327 727 376 794 qual
388 731 474 793 primas
488 727 588 789 porrigit
601 741 682 790 aequor
696 739 777 789 aquas.

185 801 242 862 Qun
262 809 341 870 magis
356 802 471 854 accedunt
480 839 488 864 ,
500 807 579 853 minus
589 807 614 852 δι
627 806 706 852 minus
716 801 782 851 utilis
791 799 841 849 asto
851 817 856 846 ι

218 881 345 948 Linquor,
364 886 389 931 dt
403 882 495 932 ancillis
511 879 649 946 excipienda
666 879 736 931 cado.
912 883 958 930 ¹3⁰

185 957 224 1008 Est
237 964 304 1009 sinus
314 959 429 1010 adduiios
439 957 533 1009 modici
545 959 644 1009 falcatus
654 963 680 1008 iu
691 976 757 1009 arcus
770 992 779 1019 ,

215 1036 314 1087 Ultima
332 1038 450 1103 praerupti
465 1055 554 1087 cornua
567 1037 633 1086 mole
649 1041 734 1102 rigent.

185 1113 248 1164 Hinc
261 1118 324 1165 mihi
344 1118 474 1181 suppositas
491 1119 622 1166 immittere
634 1132 719 1181 corpus
734 1119 759 1164 in
775 1111 849 1165 undas

217 1195 290 1244 Mens
310 1195 371 1254 fuit3
386 1200 431 1255 dt,
448 1199 561 1261 quoniam
575 1194 657 1244 fallere
667 1197 763 1260 pergis,
781 1196 834 1241 erit.
858 1241 860 1245 .

185 1270 223 1322 Ad
234 1289 277 1321 tua
287 1291 327 1322 me
338 1273 420 1323 fluiius
429 1275 555 1338 projeliam
567 1272 639 1322 litora
646 1286 742 1337 portent
752 1304 762 1332 ,
910 1294 953 1343 ¹35

218 1351 400 1417 Occurramque
417 1351 493 1401 oculis
506 1351 651 1399 intumulata
660 1353 715 1399 tuis.

185 1426 283 1477 Duritiai
301 1429 392 1478 fetrum
408 1444 435 1480 ut
456 1432 565 1494 superes,
580 1427 755 1494 adamantaque
770 1441 854 1492 teque3

216 1508 276 1557 Non
295 1510 340 1557 tibi
356 1513 409 1568 sic,
426 1506 509 1567 dices,
526 1509 621 1570 Phylli,
642 1504 773 1573 sequendus
790 1521 871 1563 etam,

186 1586 250 1650 Saepe
267 1602 416 1636 venenorum
432 1589 482 1635 sitis
496 1586 529 1634 est
539 1589 616 1635 mihi:
630 1588 689 1650 sape
704 1581 802 1634 cruenti

217 1664 354 1729 Trajeiiam
364 1661 445 1728 gladio
456 1680 533 1713 morte
543 1668 619 1729 perire
630 1668 705 1729 juvat.
909 1699 955 1744 140

186 1740 259 1791 Colla
278 1759 376 1808 quoque
386 1778 394 1801 ‚
406 1740 486 1792 infidis
497 1745 553 1800 quia
564 1744 587 1790 sc
599 1740 713 1791 nestenda
725 1742 818 1791 lacertis

217 1820 387 1877 habuerunt,
400 1819 490 1885 laqueis
502 1818 644 1884 implicuille
655 1821 722 1869 libet.

185 1899 235 1948 Stat
246 1914 306 1946 nece
316 1896 410 1947 maturi
419 1913 527 1953 tenerum
535 1900 630 1962 pensare
641 1896 774 1963 pudorem:

143 2024 146 2029 ,
216 1975 244 2024 ln
256 1979 322 2024 necis
334 1975 407 2024 electu
419 1993 489 2041 parva
501 1975 580 2024 futura
589 1993 658 2024 mora
669 1977 710 2024 est.
795 2015 797 2019 .

185 2051 315 2103 inscribite
331 2071 386 2102 meo
397 2070 465 2102 causa
480 2052 597 2103 invidiosa
607 2054 729 2119 sepulcro:
909 2066 952 2112 145

216 2134 266 2179 Aut
283 2133 349 2185 hoc,
368 2147 409 2180 aut
421 2132 512 2192 simili,
524 2135 628 2181 carmine
639 2148 709 2181 notus
720 2133 773 2180 eris.

185 2205 299 2270 Phyllida
315 2208 478 2273 Demophoon
492 2210 542 2259 leto
553 2208 620 2260 dedit
631 2244 639 2269 ‚
651 2212 735 2274 hospes
748 2226 868 2262 amantem
880 2230 887 2262 t

216 2285 263 2334 ille
281 2289 335 2335 neci
351 2302 446 2336 causam
461 2289 578 2352 prebuit,
596 2287 639 2336 illa
654 2304 762 2339 manum.

202 2414 883 2488 ἰ--ι-τ-ὲῇᾓέεεεεεῡ

352 2557 625 2623 EPISTOLA
665 2563 736 2624 III.

298 2701 507 2765 Buram
549 2707 785 2770 Aeniam.

188 2814 331 2966 Quam
349 2889 427 2957 legis,
446 2909 459 2940 a
477 2894 544 2958 rapti
555 2892 660 2944 Briseide
674 2894 743 2944 litera
751 2882 840 2959 ¹veuit,

216 2969 264 3017 Vix
274 2971 334 3019 bene
344 2971 466 3020 barbarici
476 2973 558 3022 Graeca
567 2989 650 3023 notata
660 2991 741 3023 manu.

185 3045 354 3113 Quascumque
367 3050 464 3114 aspicies
474 3085 482 3109 ,
495 3049 607 3113 lacrymae
617 3050 711 3112 fecere,
722 3053 820 3113 liturau3

216 3122 263 3175 Sed
276 3139 357 3177 tanuen
367 3130 392 3178 δι
402 3126 515 3194 lacrymae
525 3126 633 3194 pondera
642 3133 709 3184 vocis
719 3131 817 3180 habent.

527 3225 530 3229 ·
746 3208 775 3263 d
791 3225 810 3260 v
