2367 3992
293 468 551 540 RnMnnrA
580 466 787 538 Arronrs.
843 472 909 554 289

196 586 241 640 lile
253 627 260 650 ‚
277 591 344 658 quod
355 594 467 641 obscenas
481 596 506 641 in
520 604 603 656 aperto
614 608 714 656 corpore
725 605 802 655 parret

231 668 330 720 Viderat
340 687 347 729 5
365 673 390 718 in
401 672 468 718 cursu
481 673 522 735 qui
533 669 598 727 fuit,
609 673 678 718 hesit
687 685 771 717 amor:
920 687 936 732 4
941 687 969 732 3⁰

197 747 242 797 ille
253 746 319 814 quod
329 783 337 808 ,
349 765 363 797 a
375 749 472 797 Veneris
485 750 554 797 rebus
566 750 674 812 surgente
686 746 767 812 pucilri
780 779 789 805 ,

231 824 299 874 Vidit
310 829 335 874 in
346 824 474 876 immundo
484 830 550 890 signa
561 824 673 891 pudenda
688 840 752 874 toro.

196 902 292 953 Luditis
306 903 321 952 ὂ
334 905 340 952 Ι
353 907 372 952 si
381 921 441 970 quos
455 919 585 969 potuerunt
598 905 641 952 ista
658 920 772 961 movere5

231 981 345 1031 Afflarant
356 981 441 1047 tepidae
452 986 547 1048 pediora
563 983 639 1031 vestra
651 981 722 1031 faces.

196 1061 309 1109 detrahet
324 1059 370 1110 ille¹
381 1077 437 1125 puer
451 1075 577 1109 contentos
588 1060 674 1108 fortius
684 1075 768 1117 arcus3
916 1077 946 1126 43
956 1077 966 1125 5

231 1139 315 1188 Saucia
328 1143 444 1201 majorem
456 1139 524 1186 turba
535 1139 620 1202 petetis
633 1153 715 1201 opem.

198 1215 266 1277 Quid
277 1221 286 1265 i
299 1220 341 1281 qui
352 1216 415 1264 clam
426 1216 497 1265 latuit
506 1213 620 1264 reddente
636 1215 737 1264 obscena
748 1212 827 1278 puelli
837 1231 846 1272 ς

232 1295 265 1342 Et
283 1292 360 1352 vidit,
372 1310 424 1358 quae
441 1310 493 1342 mos
511 1295 559 1358 ipse
568 1290 649 1342 videre
659 1299 741 1343 vetat?

198 1371 235 1422 Di
250 1372 352 1430 melius,
366 1371 440 1437 qudm
452 1388 496 1420 nos
505 1384 647 1420 moneamus
659 1369 716 1419 talia
725 1370 886 1436 quemquam!

233 1451 269 1498 Ut
286 1453 392 1514 prosint,
410 1466 459 1498 non
469 1451 523 1499 sunt
537 1447 678 1513 experienda
693 1463 783 1497 tamen.
923 1471 973 1516 440

200 1528 294 1578 Hortor
313 1532 352 1587 &‚
366 1543 392 1576 ut
406 1531 493 1593 pariter
505 1529 572 1577 binas
584 1529 689 1576 habeatis
701 1530 806 1586 arnicas3

235 1608 331 1655 fortior
342 1607 373 1655 est
386 1642 394 1667 ,
405 1606 482 1671 plures
500 1610 519 1656 si
530 1609 583 1671 quis
595 1608 680 1655 habere
693 1605 780 1670 potest.

202 1685 268 1733 Sedin
287 1683 416 1748 bipartitis,
429 1683 484 1732 etim
495 1701 561 1732 mens
573 1682 683 1732 discurrit
694 1699 812 1747 utroque,

235 1761 340 1810 Alterius
351 1765 412 1809 vires
422 1762 539 1808 subtrahit
553 1759 613 1808 alter
625 1776 701 1808 amor.

203 1837 312 1890 Grandia
328 1839 471 1904 permultos
484 1853 611 1887 tenuantur
622 1836 722 1886 flumina
735 1840 813 1893 rivos3
926 1860 971 1909 445

237 1914 376 1983 Cnffaque‚
392 1915 487 1965 sedut‘io
499 1917 595 1980 stipite,
608 1915 705 1964 flamma
715 1918 786 1979 perit.

203 1995 262 2045 Non
279 1997 333 2044 satis
346 2012 391 2044 una
403 2010 468 2046 tenet
479 2009 567 2044 ceratas
578 1997 683 2043 anchora
695 2008 783 2058 puppes
793 2008 801 2050 ς

237 2074 296 2123 Non
309 2077 363 2123 satis
374 2074 406 2123 est
420 2069 518 2139 liquidis
534 2076 616 2121 unicus
629 2073 713 2120 hamus
731 2072 808 2139 aquis.

205 2151 253 2212 Qui
265 2154 308 2199 sibi
319 2157 367 2217 jam
379 2150 470 2216 pridem
483 2150 568 2200 solatia
579 2151 636 2200 bina
645 2151 737 2215 paravit
748 2183 756 2208 ,

237 2228 393 2295 Iampridem
406 2229 583 2278 summrividior
594 2232 619 2277 in
635 2245 688 2278 arce
699 2228 754 2277 fuit.
924 2248 974 2293 450

204 2307 237 2358 At
249 2310 307 2367 tibi,
318 2312 360 2374 qui
371 2306 475 2357 domine
486 2307 557 2356 fucris
566 2307 628 2356 meld
639 2305 742 2357 creditus
753 2308 794 2356 uni
807 2341 816 2368 ,

239 2385 309 2434 Nunc
321 2387 405 2436 saltem
415 2402 490 2437 novus
501 2388 533 2436 est
543 2385 699 2437 inveniendus
712 2403 789 2435 amor.

206 2464 332 2529 Pasiphaes
340 2451 428 2514 'Minos
438 2469 463 2514 in
475 2463 586 2513 Procride
598 2462 707 2529 prodidit
716 2467 796 2528 ignes:

239 2542 318 2594 Cessit
333 2544 362 2590 ab
374 2541 436 2591 Idaea
447 2547 549 2606 conjuge
567 2545 628 2591 vidia
645 2544 719 2605 prior.

206 2621 362 2686 Amphilochi
376 2619 488 2668 fraterne
501 2617 605 2683 Phegida
617 2621 709 2683 semper
719 2632 811 2668 amaret
818 2652 827 2679 ‚
926 2641 972 2691 455

239 2699 366 2764 Cullirho'e'
377 2696 435 2746 fecit
450 2713 515 2762 parte
526 2712 620 2761 recepta
629 2701 687 2746 tori.

207 2776 240 2826 Et
258 2778 328 2824 Parin
343 2775 434 2824 OEnone
443 2778 550 2825 summos
561 2773 672 2825 tenuiffet
682 2773 714 2825 ad
723 2790 814 2839 annos,

241 2857 266 2904 Si
280 2869 330 2901 non
344 2853 435 2902 OEbaliei
446 2854 530 2918 pellic'e
542 2854 596 2903 lesa
606 2854 677 2903 foret.

208 2931 330 2996 Coniugis
348 2929 451 2994 Odrysio
468 2929 591 2996 placuiffet
605 2932 683 2982 forma
696 2947 813 2996 tyrenn03

242 3006 288 3059 Sed
303 3009 388 3058 melior
400 3009 483 3058 clausae
495 3009 574 3059 forma
584 3013 671 3060 sororis
682 3028 741 3061 erat.
926 3023 975 3072 460
1017 3061 1021 3069 ,

210 3086 277 3150 Quid
288 3104 370 3136 moror
386 3086 519 3152 exemplis,
535 3104 640 3152 quorum
655 3106 694 3138 me
711 3091 779 3139 turba
790 3089 890 3155 fatigat?

244 3161 379 3215 successore
391 3181 457 3219 novo
469 3168 573 3219 vincitur
589 3169 670 3217 omnir
680 3183 758 3219 amor.

246 3243 316 3292 Tom.
335 3243 358 3293 I.
774 3245 800 3298 N
