2367 3992
319 502 577 569 Hunorum.
601 499 674 565 Er.
698 499 791 567 XII.
870 447 907 591 5{

192 624 281 674 Martis
293 637 365 672 erant·
376 623 437 671 tauri
447 621 516 686 plus,
530 619 604 686 quim
615 638 656 686 per
666 637 774 681 cornua,
786 623 857 683 saevi3

225 703 339 763 Quorum
353 699 462 749 terribilis
474 701 567 764 spiritus
578 702 640 763 ignis
650 713 709 748 crat.

190 780 249 829 AEre
262 777 335 845 pedes
351 776 436 837 solidi,
449 791 610 842 praetentaque
620 779 716 826 naribus
727 793 789 826 terat

225 857 303 923 Nigra
314 873 356 923 per
366 855 458 904 afflatus
468 858 518 903 haec
529 871 625 921 quoque
638 854 698 904 sudio
707 858 770 904 suos.

191 936 289 984 Semina
302 949 428 1001 praeterea‚
448 932 550 999 populos
563 936 687 998 genitura,
701 936 790 1000 juberis
930 943 958 988 45

223 1015 338 1078 Spargere
349 1011 437 1062 devoti
445 1012 492 1060 lata
499 1028 541 1076 per
550 1028 606 1062 arva
616 1028 705 1068 manu,

191 1089 240 1150 Qui
251 1104 362 1155 peterent
372 1092 452 1139 secum
463 1093 524 1139 natis
535 1105 575 1138 tua
586 1108 687 1156 corpora
702 1091 764 1140 telis.

222 1167 268 1217 111³
280 1168 313 1216 est
323 1168 435 1233 agricolae
445 1172 525 1217 messis
537 1171 618 1233 iniqua
628 1170 680 1218 suo.

191 1245 295 1294 Lumina
309 1244 430 1305 custodis,
448 1248 599 1295 succumbere
612 1248 689 1295 nescia
700 1248 802 1303 somno,

223 1321 333 1371 Ultimus
351 1323 384 1372 est
394 1322 474 1389 aliqud
486 1321 595 1388 decipere
606 1339 656 1372 arte
667 1324 743 1374 labor.

189 1399 291 1448 Dixerat
301 1399 397 1460 AEetes,
417 1402 490 1450 maesti
501 1403 641 1466 consurgitis
652 1418 753 1464 omnes,

222 1479 354 1544 Mensaque
364 1496 494 1544 purpureos
502 1477 587 1528 deserit
599 1479 647 1528 altr
658 1495 733 1529 toros.

190 1556 271 1616 Quim
288 1558 333 1606 tibi
343 1573 407 1606 uunc
422 1556 493 1623 longe
505 1572 603 1623 regnum
617 1556 699 1607 dotaie
711 1558 824 1622 Credet,

220 1634 252 1684 Et
262 1636 348 1695 socer,
362 1638 386 1684 δι
399 1639 480 1700 magni
489 1650 544 1684 nata
552 1635 664 1685 Creontis
675 1653 742 1686 eraut
752 1639 758 1686 Ξ

189 1712 273 1762 Tristis
283 1715 334 1762 abis
346 1733 352 1762 ε
364 1714 441 1763 oeulis
451 1715 578 1763 abeuntem
588 1716 719 1779 prosequor
733 1716 785 1765 udis
795 1735 804 1775 3
925 1749 952 1793 55

220 1789 322 1841 Erdixit
330 1794 395 1840 tenui
407 1808 528 1840 murmure
538 1791 635 1856 lingua,
650 1793 718 1842 Vale.

187 1867 223 1917 Ut
229 1873 338 1933 positum
347 1873 414 1934 tet-igi
423 1869 530 1918 thalamo
537 1870 600 1918 male
609 1871 686 1918 saucia
696 1870 781 1918 {esium
790 1907 799 1928 ‚

219 1945 280 1995 Asta
290 1947 324 1996 est
334 1963 374 2011 per
386 1947 500 2010 iacrymas
515 1964 561 1996 nox
570 1949 629 1995 mihi
638 1981 645 2001 ,
654 1963 743 2013 quanta
755 1949 809 1999 fuit.

185 2025 249 2073 Ante
259 2025 345 2074 oculos
355 2028 463 2090 taurique
474 2041 564 2079 truces,
579 2027 715 2091 segetesque
723 2024 847 2076 nefrudae:

220 2105 284 2152 Ante
294 2120 362 2152 meos
371 2103 455 2152 oculos
466 2103 566 2167 pervigil
578 2106 660 2167 anguis
671 2118 729 2155 etat.
923 2131 956 2168 6»)

185 2180 341 2240 Hiucamor‚
349 2183 405 2229 hinc
413 2185 488 2230 timor
495 2181 539 2229 est:
547 2183 623 2246 ipsum
632 2185 705 2231 timor
713 2197 904 2247 augetamortm.

220 2259 296 2308 Mam
307 2274 371 2314 erat,
383 2263 408 2308 δι
420 2260 528 2309 thalamo
536 2275 589 2308 cara
599 2276 693 2326 recepta
704 2263 785 2310 soror:

185 2336 366 2405 Disjedamque
377 2355 472 2398 comas,
484 2341 610 2405 aversaque
624 2341 648 2387 in
662 2356 705 2388 ora
712 2345 846 2404 jacentem,

219 2417 331 2475 Invenit,
344 2420 368 2465 ὃ(
380 2416 490 2479 lacrymis
501 2421 582 2465 omnia
590 2417 661 2481 piena
672 2420 739 2466 meis.

186 2495 248 2543 Orat
262 2511 334 2560 opem
346 2495 444 2558 Mynyis
453 2498 528 2561 :petit
538 2495 626 2554 altera,
639 2499 664 2543 dt
675 2495 749 2544 altera
756 2498 861 2545 habebit.
924 2511 952 2566 σς

218 2573 321 2622 AEsonio
337 2576 417 2638 juveni
427 2609 435 2633 ,
446 2572 513 2640 quod
523 2589 591 2638 rogat
601 2573 660 2631 ilia,
675 2571 769 2621 damus.

185 2651 226 2700 [st
239 2667 326 2700 nemus
335 2655 359 2700 δι
371 2654 442 2716 piceis
455 2656 479 2700 &
491 2651 610 2701 frontibus
621 2651 682 2700 ilicis
694 2665 788 2700 atrum:

216 2730 265 2780 Vix
276 2728 339 2780 illud
348 2728 418 2779 radiis
429 2730 485 2778 solis
499 2727 564 2779 adite
575 2730 642 2779 licet.

185 2809 243 2857 Sunt
256 2810 283 2856 in
294 2825 340 2867 eo,
352 2807 491 2874 fuerantque
504 2806 563 2867 diu,
578 2806 677 2857 delubra
686 2807 784 2858 Dianaet

216 2888 296 2935 Aurea
310 2887 431 2937 barbarici
440 2888 485 2936 stat
499 2886 551 2936 Dea
563 2886 623 2936 frua
632 2903 714 2937 manu.
921 2911 951 2954 70

186 2962 280 3014 Nostin’
290 2981 321 3014 an
330 2964 460 3015 exciderint
472 2982 568 3015 mecum
580 2966 651 3015 loca?
662 2969 834 3020 venimusiliuc
845 2988 852 3020 ε

218 3041 292 3091 Orsus
311 3059 334 3091 ts
345 3040 421 3093 infido
432 3047 465 3092 sic
476 3047 540 3110 prior
550 3061 591 3093 ore
605 3044 679 3111 loqui.

186 3119 225 3169 Jus
238 3121 281 3168 tibi
298 3122 458 3171 &arbitrium
475 3123 558 3173 nostrae
573 3124 669 3173 fortuna
681 3126 761 3175 salutis

220 3197 349 3250 Tradidit:
361 3203 435 3267 inque
444 3200 486 3252 tui
496 3205 591 3269 vitaque
603 3219 803 3270 morsquemrnu.
867 3235 871 3241 -

749 3280 806 3333 Ciu
