2367 3992
316 453 691 524 HrnornanEP.
716 456 758 524 Vr
852 465 891 524 21

176 573 241 626 cim
254 575 321 624 Paris
333 575 424 624 OEnone
436 578 525 640 poterit
541 578 627 641 spirare
638 575 736 636 relidi,

209 651 244 701 Ad
261 651 358 701 sontem
375 653 466 702 Xanthi
479 655 546 703 versa
564 669 668 703 recurret
683 669 753 719 aqua.
918 672 947 719 30

178 729 274 779 Xanthe
284 765 292 788 ,
302 744 370 778 retro
382 747 483 794 propera
494 766 501 789 ,
511 733 630 797 versaeque
640 734 753 780 recurrite
765 729 884 796 lympha:

210 808 315 856 Sustinet
326 808 435 855 OEnonen
447 804 571 856 deseruisse
583 809 656 858 Paris.

180 885 224 934 illa
235 883 288 934 dies
296 884 377 933 satum
389 886 552 934 miseramihi
563 882 638 944 dixit,
649 886 678 935 ab
690 883 733 935 illi

211 964 318 1016 Pessima
331 965 419 1011 mutati
434 966 508 1027 coepit
520 967 609 1012 amoris
621 967 712 1025 hiems,

182 1040 235 1102 Qui
245 1040 330 1089 Venus
344 1044 369 1089 &
385 1041 463 1098 Juno,
476 1042 607 1106 sumtisque
617 1039 740 1091 decentior
750 1042 822 1091 armis
923 1055 950 1099 35

212 1119 289 1167 Venit
303 1121 330 1166 in
343 1119 468 1167 arbitrium
478 1116 543 1166 nuda
554 1119 664 1168 Minerva
675 1134 751 1167 tuum.

183 1195 287 1248 Attoniti
300 1199 405 1244 micuere
415 1200 500 1254 sinus,
517 1193 654 1262 gelidusque
667 1200 789 1258 cucurrit,

215 1276 250 1324 Ut
262 1277 325 1322 mihi
337 1273 449 1331 narrasti,
460 1271 518 1321 dura
529 1290 570 1337 per
581 1271 632 1322 ossa
643 1290 741 1324 tremor.

187 1352 305 1404 Consului
316 1386 325 1412 ,
338 1355 492 1417 nequeenim
502 1348 598 1400 modice
609 1354 728 1411 terrebar,
740 1353 843 1417 anusque

216 1431 399 1496 Longaevosque
410 1431 475 1478 senes
486 1429 609 1478 :constitit
620 1427 666 1479 esse
677 1430 752 1479 nefas.

188 1507 254 1558 caesa
265 1510 330 1557 abies
343 1543 351 1566 ‚
371 1509 483 1573 sestaeque
495 1507 586 1557 trabes:
600 1511 640 1568 δι,
652 1505 723 1558 classe
736 1521 831 1574 parata,

217 1586 318 1636 Caerula
329 1600 417 1634 ceratas
428 1588 514 1649 accipit
525 1582 590 1634 unda
600 1601 669 1635 rates.

189 1663 256 1713 flesti
267 1660 392 1711 discedens
405 1681 411 1709 ι
423 1664 469 1710 hoc
481 1662 565 1711 saltem
576 1680 645 1728 parce
656 1681 751 1730 negare.

221 1744 346 1791 Praeterito
362 1743 437 1804 magis
452 1739 484 1788 esl
496 1740 536 1788 iste
548 1739 671 1805 pudendus
682 1761 760 1793 amor.

191 1819 221 1869 Et
231 1818 291 1868 flesti
303 1853 312 1878 ,
327 1821 352 1867 δι
364 1817 455 1866 nostros
465 1815 544 1866 vidisti
560 1817 639 1867 flentis
649 1821 740 1869 ocellos
751 1838 759 1868 t

223 1898 366 1945 Miscuimus
377 1895 492 1957 lacrymas
503 1895 596 1943 maestus
605 1911 703 1962 uterque
714 1898 774 1945 suas.

192 1974 250 2025 Non
260 1978 294 2022 sic
305 1976 418 2038 appositis
429 1975 532 2022 vincitur
541 1975 629 2022 vitibus
640 1973 737 2035 ulmus,

224 2052 261 2101 Ut
276 2067 318 2100 tua
329 2052 382 2099 sunt
392 2050 457 2099 collo
468 2051 564 2098 brachia
573 2067 633 2099 nexa
643 2068 708 2101 meo.

137 2120 140 2179 l
194 2129 244 2179 Ah!
259 2131 368 2194 quoties,
380 2127 435 2176 cdm
447 2142 470 2176 te
482 2143 555 2176 vento
566 2144 688 2193 quererere
701 2130 775 2179 teneri
782 2163 793 2191 ,

137 2234 139 2257 ι
226 2208 339 2255 Riserunt
349 2205 463 2253 comites!
481 2204 523 2252 ille
532 2202 712 2256 seeunduserat.

196 2283 284 2334 Oscula
301 2279 402 2331 dimissa
420 2285 514 2349 quoties
532 2286 631 2347 repetita
644 2282 743 2334 dedisti!

229 2358 311 2421 Qulm
319 2363 361 2409 rix
371 2358 481 2407 sustinuit
491 2357 569 2408 dicere
575 2361 674 2425 lingua,
687 2362 746 2411 Vale
757 2363 764 2413 l
804 2360 809 2373 ”

198 2437 260 2486 Aura
274 2437 333 2485 levis
343 2434 422 2500 rigido
433 2434 560 2500 pendentia
570 2437 643 2487 lintea
652 2439 719 2489 malo

230 2515 347 2573 suscitat,
363 2518 387 2562 δι
399 2519 469 2562 remis
480 2531 546 2564 eruta
555 2532 624 2565 canet
639 2534 708 2584 aqua.

199 2589 331 2656 Prosequor
342 2591 425 2639 infelix
435 2593 511 2641 oculis
522 2594 632 2642 abeuntia
642 2596 708 2655 vela,

233 2668 287 2728 Qui
295 2668 369 2726 licet3
381 2673 405 2717 δι
417 2670 528 2732 lacrymis
538 2674 622 2721 humet
630 2689 699 2721 arena
710 2675 778 2724 meis.

200 2745 282 2811 thue
293 2745 356 2793 celer
366 2751 459 2807 venias,
472 2746 558 2796 virides
570 2747 685 2798 Nereidas
694 2768 751 2799 orot

233 2823 331 2871 Scilicet
344 2837 371 2872 ut
380 2828 460 2873 venias
472 2829 496 2873 in
509 2842 561 2873 mea
574 2825 661 2875 damna
671 2827 742 2887 celer.

201 2899 270 2950 Votis
282 2915 340 2963 ergo
351 2904 409 2949 meis
421 2902 461 2951 alii
472 2901 575 2953 rediture
586 2903 679 2953 redisti?

234 2978 280 3026 Hei
292 2979 366 3026 mihil
376 2996 421 3042 pro
436 2977 488 3029 dira
498 2982 583 3046 pellice
594 2981 681 3032 blanda
692 2983 735 3033 sui.

203 3054 293 3118 Aspicit
306 3058 449 3107 immensum
464 3060 540 3108 moles
551 3064 631 3111 nativa
641 3061 803 3126 profundumr

236 3132 311 3182 Mons
322 3133 383 3194 fuit5
395 3140 509 3202 equoreis
518 3137 561 3188 illa
570 3140 654 3190 resistit
664 3144 739 3208 aquis.
