2367 3992
344 473 468 538 Nux.
498 438 709 536 Er'unrA.
826 489 888 556 313

206 585 259 640 Nee
271 590 334 639 maia
348 591 402 640 sunt
419 591 462 638 uili
479 590 558 640 nostra
573 585 654 638 futura
665 589 750 635 bono:

176 668 229 716 iarn
246 679 326 718 tamen
337 672 463 728 invenias,
478 672 520 734 qui
535 686 574 717 me
587 658 738 733 Jaculentur,
754 666 778 712 &
791 664 839 712 iau

211 746 371 797 Praefestinato
381 762 466 796 munus
478 750 549 795 inane
559 760 651 810 petant.

176 825 202 872 Si
215 823 257 873 fiat
268 829 345 889 rapti,
361 823 403 874 fiat
421 826 530 874 mensura
545 824 638 882 relicii,

210 903 331 968 Maiorem
341 901 435 953 domini
447 919 513 968 parte
525 937 534 960 ,
546 906 641 959 viator,
658 899 739 950 haber.
759 919 764 926 ·
901 921 946 952 τοο

177 979 244 1043 Saepe
255 981 339 1046 aliquis
352 1015 360 1040 ,
372 982 437 1030 foliis
447 996 475 1030 ut
484 978 549 1030 nuda
558 982 684 1029 cacumina
694 976 774 1037 vidit,

211 1055 263 1106 Effe
274 1075 342 1122 putat
355 1059 436 1108 Boreae
455 1059 517 1108 triste
530 1057 628 1106 furentis
639 1070 707 1120 opus.

180 1131 284 1184 AEstibus
297 1139 337 1184 hic
348 1167 356 1194 ,
368 1139 407 1187 hic
420 1153 458 1183 me
472 1135 598 1199 spoliatam
609 1134 697 1198 frigore
709 1128 802 1182 credite

212 1211 252 1260 Est
261 1230 357 1278 quoque
368 1245 377 1272 ,
388 1217 430 1278 qui
441 1215 532 1261 crimen
542 1210 663 1276 grandinis
679 1207 725 1260 effe
738 1223 815 1275 putet.

177 1289 211 1339 At
228 1293 288 1338 mihi
303 1307 346 1339 nec
364 1289 476 1354 grando,
493 1287 557 1338 duris
573 1290 649 1339 invisa
659 1286 770 1350 colonis,
900 1303 944 1351 105

213 1367 264 1414 Nec
281 1383 365 1417 ventus
377 1365 472 1426 fraudi,
489 1367 554 1417 solve
567 1367 653 1432 geluve
669 1366 724 1416 fuit.
752 1422 756 1429 ,

178 1442 277 1494 fruetus
288 1446 353 1494 obest
364 1464 370 1494 r
382 1441 495 1510 peperiffe
506 1460 589 1495 nocer:
598 1444 722 1495 noceteiie
733 1445 846 1495 feracem.

213 1522 320 1589 Quaeque
334 1523 380 1572 fuit
391 1523 488 1582 multis,
501 1527 525 1572 ὃ(
533 1525 594 1572 mihi
607 1521 687 1587 praeda
697 1521 764 1571 malo
775 1523 816 1572 est.

178 1600 263 1650 Praeda
273 1602 338 1650 malo
353 1637 361 1661 ‚
381 1598 516 1664 Polydore,
531 1600 578 1650 fuit
590 1600 635 1650 tibi
649 1620 655 1650 ι
667 1598 746 1666 prada
756 1599 867 1652 nefande

213 1675 331 1743 Coniugis
343 1679 447 1728 Aonium
458 1682 523 1727 misit
534 1681 559 1727 in
570 1695 636 1727 arma
645 1681 735 1729 virum.
904 1694 949 1727 ιιο

180 1753 289 1818 Hesperii
299 1759 358 1819 regis
368 1759 477 1818 pomaria
487 1769 539 1803 tuta
553 1752 651 1804 fuiffent
661 1773 670 1813 ·‚

214 1832 269 1879 Um
281 1830 321 1880 sed
331 1833 458 1881 immensas
469 1831 539 1881 arbor
548 1832 650 1880 habebat
664 1848 731 1896 opes.

180 1909 213 1958 Ar
227 1911 316 1968 rubus,
328 1913 353 1958 &
365 1912 440 1969 sentes
458 1907 628 1958 tantummodo
639 1906 724 1959 laedere
737 1925 799 1960 natae
806 1944 816 1972 ,

214 1989 332 2052 Spinaque
344 1985 535 2037 vindieiicerera
545 2001 597 2037 ruta
608 1987 649 2036 suri
661 1987 702 2037 est.

180 2062 241 2120 Me,
252 2069 307 2129 quia
318 2081 361 2113 nec
373 2082 469 2125 noceo,
484 2083 527 2115 nec
538 2068 640 2115 obuncis
649 2065 760 2116 vindicor
769 2067 846 2117 hamis
857 2085 866 2128 ;
903 2095 945 2140 ¹¹5

213 2139 287 2192 Missa
301 2159 386 2206 petunt
396 2141 466 2192 avidi
473 2146 526 2192 saxa
533 2158 645 2208 proterva
654 2161 737 2194 manu.

182 2217 265 2280 Quid?
278 2222 296 2268 si
310 2237 360 2270 non
372 2235 437 2284 aptus
447 2221 522 2270 solem
534 2221 680 2286 fugientibus
689 2225 801 2286 umbras,

215 2299 233 2345 F
235 2295 324 2346 inditur
336 2299 412 2347 Icario
424 2297 478 2347 crim
490 2315 547 2347 cane
560 2314 639 2358 terra,
656 2297 752 2353 darem?

183 2369 249 2431 Quid
262 2374 270 2419 i
287 2374 332 2419 nisi
343 2369 472 2437 suffugium
483 2376 578 2422 nimbos
586 2375 715 2423 vitantibus
726 2374 815 2437 effem;
843 2366 846 2372 ¹

217 2449 275 2498 Non
291 2449 421 2514 exspeeiati
436 2451 491 2499 crim
504 2455 570 2500 venit
581 2453 657 2499 imber
671 2453 751 2517 aquai?

183 2527 272 2576 Omnia
288 2527 342 2575 crim
354 2528 457 2580 faciam.
469 2527 524 2576 crim
535 2529 642 2592 praestcrn
654 2527 735 2578 sedula
745 2534 835 2582 nunciis

217 2602 350 2657 Officium,
369 2606 427 2652 saxis
440 2602 545 2653 officiosa
561 2620 638 2670 petor.

181 2679 240 2731 Haec
257 2684 317 2728 mihi
327 2677 437 2745 perpeffae
447 2713 454 2740 ‚
466 2678 559 2731 domini
575 2681 687 2747 patienda
696 2683 792 2750 querela
801 2686 845 2737 eiii

217 2757 297 2808 Causa
313 2760 417 2817 habeor,
430 2775 501 2824 quare
514 2762 544 2808 sit
554 2758 674 2824 lapidosus
684 2779 748 2827 ager.

904 2493 950 2525 120

181 2837 297 2902 Dumque
308 2852 417 2901 repurgat
425 2839 543 2896 humum,
559 2839 705 2905 collemque
716 2841 770 2893 saxa
779 2849 882 2898 remittit
890 2865 945 2924 3125

217 2919 314 2980 Semper
328 2917 416 2964 habent
426 2918 452 2964 in
463 2932 502 2964 me
513 2915 559 2965 tela
570 2921 711 2981 paramviae.

182 2995 248 3060 Ergo
258 2995 333 3044 invisa
343 2993 413 3052 aliis,
429 2997 469 3043 uni
483 2996 543 3043 mihi
555 2994 644 3060 frigora
656 3001 775 3063 prosuntr

215 3072 262 3121 illo
280 3089 319 3120 me
330 3084 407 3122 turam
418 3085 525 3136 tempore
535 3075 627 3137 prestat
636 3077 720 3126 hiems.

183 3147 257 3201 Nuda
273 3148 372 3215 quidem
386 3151 504 3221 ruricium
515 3167 524 3212 i
534 3150 626 3216 nudam
638 3169 719 3206 temen
728 3149 823 3224 expedit
837 3161 899 3216 effe:

218 3226 323 3279 Turul.
778 3237 802 3287 0
