2367 3992
269 510 335 556 222
392 485 605 552 Ovtntt
638 486 874 551 NAsorttr

264 611 356 659 Thesea
371 606 493 658 crudelem
502 604 583 655 surdas
591 604 712 655 clamabat
722 601 752 652 ad
762 601 857 663 undas,

296 684 399 751 indigno
413 699 503 733 teneras
515 684 591 732 imbre
601 685 693 747 rigante
706 697 786 746 genas.

264 763 406 822 Clamabat,
420 761 539 827 flebatque
553 761 624 811 simul
635 779 643 818 3
656 758 696 810 sed
707 775 836 825 utrumque
848 755 952 807 decebat:

297 841 348 890 Nec
358 841 418 889 falla
426 840 459 888 est
470 840 581 902 lacrymis
592 841 685 903 turpior
694 837 738 886 illa
747 839 805 888 suis,

218 919 363 985 illlamque
373 921 460 967 iterum
472 915 574 966 tundens
583 916 729 966 mollissima
739 919 834 981 pestora
841 913 936 980 palmis,

296 993 400 1046 Perfidus
415 994 457 1044 ille
469 996 542 1044 abiit:
551 993 612 1059 quid
621 997 683 1043 mihi
691 992 751 1043 fieti
763 996 807 1043 ait.

263 1071 329 1134 Quid
340 1075 400 1121 mibi
411 1071 453 1122 fiet
464 1075 473 1121 i
485 1075 518 1121 ait
530 1091 536 1121 r
551 1075 682 1123 sonuerunt
695 1073 808 1134 cymbala
816 1086 871 1121 torn

294 1152 393 1210 Litore,
408 1154 434 1200 ¹&
454 1149 557 1200 attoniti
570 1165 685 1215 tympana
694 1149 762 1214 pulsa
772 1165 855 1198 manu.

262 1227 411 1278 Exciditilla
426 1244 492 1278 metu
503 1265 511 1288 ,
522 1232 633 1294 rupitque
645 1230 775 1278 novissima
785 1230 858 1278 verba
869 1245 876 1276 =

128 1353 130 1362 ,
217 1312 262 1357 540
296 1307 383 1356 Nullus
400 1311 426 1355 in
438 1310 541 1356 exanimi
552 1323 651 1371 corpore
662 1308 755 1371 sanguis
766 1320 826 1355 erat.

262 1385 323 1436 Ecce
342 1383 524 1434 Mimallonides
534 1387 618 1449 sparsit
629 1389 655 1433 in
666 1400 732 1449 terga
742 1383 852 1450 capillis:

295 1464 355 1512 Ecce
368 1464 431 1514 leves
442 1466 533 1526 Satyri,
546 1467 634 1528 previa
645 1465 714 1513 turba
724 1463 781 1513 Dei.

261 1537 346 1592 Ebrius
365 1558 418 1590 ecce
429 1544 498 1590 senex
514 1540 595 1606 pando
608 1542 702 1593 Silenus
713 1540 789 1590 asello

294 1620 341 1668 Vix
355 1618 434 1677 seder3
452 1624 476 1668 bc
488 1617 575 1684 preffaa
586 1624 696 1670 continet
707 1634 756 1669 arte
769 1618 846 1683 jubar.

215 1695 329 1756 545Dum
339 1699 444 1762 sequitur
450 1697 554 1747 Bacchae
561 1699 677 1757 ‚bacchae
688 1698 832 1764 fugiuntque
839 1705 965 1762 petuntqutl
986 1762 988 1764 η

295 1772 480 1839 Quadrupedem
491 1775 568 1825 feruli
581 1773 641 1825 dum
652 1775 729 1825 malus
739 1786 808 1840 urget
816 1790 901 1840 equea3

261 1850 290 1901 ln
301 1868 373 1918 caput
386 1857 463 1903 aurito
479 1851 567 1903 cecidit
577 1851 686 1918 delapsus
697 1854 780 1903 asello.

188 1944 190 1949 ’
294 1929 438 1980 Clamarunt
448 1934 540 1994 Satyri,
554 1933 627 1996 Surge
639 1948 697 1996 age,
709 1933 796 1995 surge,
808 1946 884 1996 patet.

261 2007 313 2056 Jam
326 2008 390 2056 Deus
399 2027 414 2057 e
424 2026 512 2069 curru,
527 2027 600 2075 quem
611 2011 733 2059 summum
744 2024 835 2060 texerat
848 2012 910 2070 uvis,
979 2059 981 2065 ,

216 2099 262 2148 550
295 2087 407 2150 Tigribus
418 2086 532 2152 adjuntlie
543 2105 614 2137 aurea
624 2087 675 2137 lora
687 2086 768 2137 dabat.

260 2164 292 2213 Et
307 2164 391 2224 color,
404 2170 429 2214 St
441 2167 545 2215 Theseus
556 2201 565 2225 ,
580 2170 605 2215 bc
615 2183 663 2216 vox
674 2166 751 2215 abiire
764 2165 851 2231 puella
860 2184 870 2215 r·

294 2241 388 2307 Terque
402 2244 483 2307 fugam
498 2247 587 2308 petiit,
602 2260 683 2309 terque
694 2258 786 2294 retenta
796 2259 874 2294 metu.

260 2319 375 2377 Horruit,
387 2334 413 2368 ut
424 2321 527 2379 steriles,
542 2326 617 2386 agitat
630 2339 689 2387 quaa
702 2337 804 2382 ventur,
820 2321 907 2373 aristaee

292 2396 328 2445 Ut
343 2397 400 2448 levis
411 2401 437 2446 in
452 2396 548 2448 madida
559 2416 635 2448 canna
645 2399 732 2464 palude
744 2405 835 2451 tremit.
977 2461 982 2466 g

214 2481 240 2528 55
248 2475 311 2528 5Cui
329 2473 385 2524 deus
397 2511 406 2536 ‚
423 2475 459 2524 Eu
471 2474 555 2525 adsum
568 2479 612 2526 ribi
624 2495 679 2527 cura
690 2477 786 2527 fidelior
799 2512 807 2538 ,
818 2481 917 2544 inquiri

293 2555 357 2604 Pone
369 2570 476 2615 metum,
494 2555 598 2614 Bacchi,
611 2557 726 2615 Gnosius,
740 2573 799 2604 uxor
811 2559 867 2607 etit.

258 2633 348 2682 Munus
359 2635 418 2692 habe
430 2633 519 2683 ctelum
531 2653 537 2681 z
550 2634 614 2684 coelo
627 2634 753 2698 spectabile
767 2633 849 2694 sidus,

291 2713 354 2775 Saepe
369 2701 433 2776 reges
444 2709 542 2760 dubiam
556 2709 639 2762 Cressa
649 2711 748 2762 Corona
760 2727 847 2762 ratem.

185 2787 187 2791 ’
259 2787 328 2837 Dixit
340 2807 348 2848 ς
361 2792 385 2838 bc
398 2806 409 2837 e
421 2806 491 2838 curru
503 2823 511 2851 ,
522 2806 552 2838 ne
565 2794 636 2856 tigres
646 2790 690 2840 illa
701 2794 809 2846 timeret.

214 2869 259 2921 560
293 2867 380 2915 Desilit
393 2884 399 2915 t
412 2871 527 2932 imposito
539 2872 608 2918 cessit
622 2885 692 2918 arena
702 2867 766 2934 pedi.
810 2910 812 2915 .

259 2944 452 3009 Implicitamque
463 2950 515 2994 sinu
525 2982 532 3000 ‚
543 2964 621 3012 neque
634 2951 699 2995 enim
709 2963 814 3012 pugnare
824 2945 939 3008 valebat,

294 3020 395 3070 Abstulit
407 3040 412 3069 :
426 3037 452 3071 ut
464 3023 532 3071 facile
544 3026 576 3072 est
586 3028 669 3074 omnia
682 3023 747 3091 polle
760 3026 823 3076 Deo.

260 3100 315 3150 Pars
327 3135 335 3159 ‚
348 3101 490 3162 Hymenaee,
502 3119 604 3153 canunt:
615 3121 667 3167 pars
678 3104 798 3163 clamant,
809 3103 868 3156 Evie
880 3102 955 3157 evo'c'l

292 3179 331 3229 Sic
341 3184 428 3232 co'e'unt
437 3181 504 3232 sacto
515 3198 590 3248 nupta
601 3183 713 3250 Deurque
724 3198 789 3234 roro.
