2367 3992
257 444 384 513 lintre
416 442 467 511 II.
493 439 660 508 Etrurii
691 439 790 510 XIV.
830 449 896 528 169

214 563 303 615 Militii
315 564 392 614 iuerat
407 561 480 628 digua
490 566 566 628 perire
582 562 633 612 sui.

188 641 293 703 Scilicet,
306 650 333 691 ut
346 658 425 692 careat
437 657 550 708 rugarum
562 645 663 692 crimine
672 657 771 705 venter,

215 723 335 785 Sternetur
345 736 431 786 pugnae
444 721 514 769 tristis
524 736 596 770 arena
605 735 659 769 tuae.

186 799 271 849 Simos
285 801 390 865 antiquis
400 795 525 864 placuiffet
536 800 652 848 matribus
663 797 728 852 idem
738 833 748 862 ‚

215 877 279 926 Gens
291 878 420 926 hominurn
431 880 492 928 vitio
503 875 638 942 deperitura
654 878 716 928 fuit:

183 953 280 1023 Quique
290 957 378 1005 iteruin
390 959 481 1021 generis
491 960 579 1022 jaceret
588 955 722 1022 primordia
731 957 806 1008 nostri

214 1033 243 1082 lu
253 1050 331 1084 vacuo
342 1031 432 1098 lapides
443 1035 515 1094 orbe,
531 1034 650 1099 parandus
663 1051 722 1085 erat.

185 1110 243 1172 Quis
255 1112 345 1160 Priami
356 1109 463 1176 fregisset
472 1128 546 1176 opes,
559 1114 578 1160 si
591 1129 680 1162 numen
692 1129 807 1180 aquarum

202 1221 206 1228 -
216 1190 281 1240 iusta
293 1187 421 1239 recusall'et
431 1188 538 1254 pondera
548 1190 609 1239 ferre
619 1191 722 1242 Thetis?

185 1268 229 1319 Ilia
239 1271 259 1319 si
275 1256 374 1318 tumido
386 1271 495 1333 geminos
506 1271 532 1317 in
541 1284 625 1318 ventre
636 1268 754 1333 necasset,

217 1340 324 1399 Casurus
337 1345 442 1396 dominae
457 1345 569 1396 conditor
583 1346 655 1395 Urbis
667 1362 725 1396 erat.

185 1426 210 1475 Si
227 1425 309 1474 Venus
322 1423 416 1474 AEnenn
426 1422 525 1488 gravidi
538 1422 673 1476 temerasset
682 1429 709 1474 in
720 1424 775 1476 alvo
782 1458 793 1488 ‚

218 1501 353 1573 Cesaribus
369 1501 439 1551 tellus
450 1504 509 1552 orba
525 1502 605 1553 sutura
621 1503 676 1553 fuit.

186 1581 226 1631 Tu
237 1596 352 1648 quoque,
364 1581 419 1631 ctlm
430 1577 507 1646 poffes
516 1584 599 1643 nasci,
616 1581 737 1645 formosa,
748 1582 859 1650 perillesj
921 1638 924 1645 ,

219 1656 344 1710 Tentasset
351 1693 360 1720 ‚
376 1657 443 1725 quod
455 1676 498 1721 tu,
513 1663 532 1709 si
540 1675 581 1709 tua
591 1677 668 1710 mater
676 1678 744 1728 opus.

187 1739 239 1806 Ipse
254 1755 316 1804 ego,
329 1737 384 1787 crim
395 1738 484 1787 fuerim
496 1737 582 1787 melius
595 1743 711 1803 periturus
723 1739 844 1802 amando,

222 1811 341 1868 Vidissem
356 1816 451 1877 nullos,
468 1831 545 1866 matre
556 1832 670 1877 uetante,
688 1816 748 1865 dies.

188 1895 257 1957 Quid
265 1896 363 1961 plenam
375 1894 470 1944 fraudas
480 1897 556 1946 vitem
568 1896 727 1944 crescentibus
739 1896 809 1946 uvis?

221 1975 345 2040 Pomaque
356 1973 447 2023 crudeli
458 1974 527 2024 vellis
538 1975 622 2024 acerba
636 1977 725 2024 manui

187 2056 282 2119 Sponte
292 2051 369 2102 fluant
381 2068 475 2101 matura
486 2051 527 2100 sui
538 2071 544 2100 r
557 2055 608 2101 sine
618 2055 721 2101 erescere
730 2066 803 2112 nata:

224 2133 263 2182 Eli
273 2135 379 2197 pretium
390 2147 467 2197 parva
479 2146 529 2180 non
543 2130 595 2182 leve
607 2133 658 2182 vita
666 2147 751 2182 morte.

188 2211 274 2262 Vestra
285 2209 345 2277 quid
357 2207 463 2259 effoditis
473 2211 581 2276 subjeslis
594 2213 683 2261 viscera
697 2211 767 2262 telis?

223 2288 256 2338 Et
265 2284 377 2338 nondum
386 2291 447 2337 natis
459 2284 511 2338 dira
519 2305 611 2339 venena
620 2288 696 2341 datis?

189 2366 315 2418 Colchida
326 2369 453 2434 respersam
465 2383 578 2418 natorum
588 2371 702 2434 sanguine
713 2372 825 2439 culpant,

225 2446 294 2512 Aque
306 2439 348 2495 sui
357 2448 444 2496 caesum
456 2462 532 2496 matre
544 2463 674 2514 queruntur
684 2450 747 2512 Ityn.

190 2526 303 2592 Utraque
314 2525 374 2574 saevtl
383 2542 466 2591 parens
476 2545 482 2574 ε
491 2525 533 2575 sed
544 2526 648 2574 tristibus
659 2541 758 2593 utraque
769 2531 844 2578 causis

226 2603 321 2654 itsiuti
332 2607 390 2655 socii
400 2606 520 2669 sanguinis
535 2603 586 2652 ulta
599 2607 688 2654 virum.

190 2685 295 2744 Dicite,
307 2686 360 2750 quis
370 2683 457 2731 Tereus
466 2718 476 2742 ,
485 2686 538 2748 quis
548 2699 591 2732 vos
603 2685 680 2731 irritet
691 2683 762 2732 lason

228 2762 311 2828 Figere
324 2758 418 2810 soliciti
429 2776 531 2826 corpora
541 2759 617 2810 vestra
627 2765 718 2810 manui

191 2841 250 2892 Hoc
259 2856 337 2906 neque
348 2842 374 2886 in
385 2840 503 2888 Armeniis
515 2841 586 2903 tigres
599 2838 676 2887 ferire
686 2838 782 2890 latibris
794 2858 801 2890 r

229 2916 330 2969 Perdere
346 2933 390 2966 nec
404 2917 465 2968 ferus
476 2919 531 2968 ausa
541 2917 615 2966 leaena
626 2919 689 2981 suos.

162 2992 176 3018 ²
192 3000 229 3053 At
242 3014 327 3048 tenerae
336 2996 494 3056 faciunt,sed
503 3014 552 3047 non
560 3001 672 3062 impune,
684 2999 786 3064 puellaer

231 3080 313 3143 sape,
326 3078 380 3125 suos
392 3089 460 3124 utero
470 3092 523 3141 quae
533 3093 617 3132 necat,
628 3079 678 3142 ipsa
686 3081 756 3142 perit.

137 3137 140 3145 ’
195 3157 252 3224 Ipsa
259 3154 338 3223 perit,
349 3154 472 3220 ferturque
482 3167 537 3206 toro
547 3155 651 3208 resoluta
661 3156 775 3222 capillos:

233 3235 302 3286 Tnm.
317 3235 340 3283 Ι.
798 3235 823 3284 Η
