2367 3992
278 437 344 504 192
388 407 864 482 OvrnrrAsrontssr

307 536 396 586 Oscula
410 555 416 585 ε
430 552 480 587 non
492 537 561 585 omni
571 534 701 584 solicitavit
712 551 766 598 ope.

273 613 320 664 illa
332 631 413 680 graves
427 616 506 680 potuit
517 629 617 680 quercus
627 647 635 673 ,
645 611 820 678 adamantaque
831 609 912 677 dutum
919 642 927 673 ,

306 691 427 759 Surdaque
442 690 565 743 blanditiis
583 693 637 741 saxa
653 708 750 741 movere
764 693 820 740 suis.

273 769 354 836 Digna
365 787 461 821 movere
472 771 519 821 fuit
530 768 594 821 terti
602 773 718 836 vivosque
727 771 840 835 virosque
851 787 858 818 ε

225 867 256 903 σο
305 848 352 899 Sed
362 866 439 915 neque
452 865 504 898 tum
519 851 586 906 vixis
603 864 647 898 nec
661 851 715 909 vir,
726 861 754 896 ut
768 858 838 908 ante,
850 846 892 896 ful.

274 926 339 988 Quid
349 931 434 993 juvet,
445 924 475 976 ad
486 925 565 977 surdas
573 929 597 975 si
607 940 688 976 cantet
699 927 811 975 Phemius
824 928 903 976 aures?

306 1003 372 1065 Quid
382 1006 496 1054 miserum
507 1005 647 1067 Thamyran
658 1007 720 1070 pista
731 1004 820 1055 tabella
826 1006 906 1071 juvetl

271 1081 303 1132 At
314 1098 366 1148 qnae
375 1089 426 1134 non
436 1082 510 1133 taciti
517 1081 622 1135 formavi
631 1081 719 1148 gaudia
728 1083 825 1132 mente!

303 1159 372 1221 Quos
382 1177 427 1226 ego
437 1177 490 1211 non
502 1159 561 1211 finxi
570 1158 724 1228 disposuique
739 1159 842 1211 modos!

222 1254 251 1305 ες
270 1236 357 1288 Nostra
368 1252 450 1289 tamen
459 1243 569 1305 latuere,
580 1239 648 1289 velus
657 1255 819 1305 premortua,
833 1240 931 1290 membra

303 1317 433 1383 Turpiter,
445 1317 551 1368 hesterni
566 1316 718 1382 languidiora
728 1317 791 1368 rosi.

269 1396 329 1458 Qua
342 1412 406 1446 nunc
418 1412 472 1446 ecce
488 1399 566 1462 rigent
582 1395 765 1460 intempestiva,
781 1396 917 1467 valentquet

301 1474 373 1524 Nunc
387 1489 447 1540 opus
463 1477 593 1539 exposcunt
604 1473 766 1540 militiamque
781 1476 856 1524 suam.

269 1551 335 1612 Quin
348 1552 399 1600 istic
409 1550 550 1616 pudibunda
560 1555 638 1617 jaces,
650 1568 702 1616 para
713 1555 815 1618 pessima
825 1553 912 1604 nostrii

219 1627 251 1672 7ο
300 1632 338 1680 Sic
349 1631 401 1678 sum
415 1628 529 1695 pollicitis
540 1644 622 1695 captus
637 1633 662 1679 ὃ(
673 1645 728 1680 ante
743 1634 798 1680 tuis.

266 1708 306 1758 Tu
321 1705 447 1758 dominam
455 1707 520 1758 fallis
532 1727 538 1757 ι
549 1725 591 1773 per
602 1723 625 1759 te
635 1705 762 1774 deprensus
775 1713 874 1760 inermis

301 1787 387 1837 Tristia
405 1804 461 1837 cunt
477 1803 566 1852 magno
578 1785 667 1838 damna
679 1786 770 1853 pudore
785 1787 841 1839 ruli.

266 1867 334 1916 Hanc
347 1870 420 1916 etiam
431 1868 523 1916 nonest
534 1884 587 1916 men
596 1864 724 1932 dedignata
736 1865 818 1932 puella

298 1945 409 1995 Molliter
419 1943 518 1995 admota
534 1945 653 1995 solicitare
665 1961 747 1994 manu.

217 2034 247 2081 75
266 2022 312 2074 Sed
327 2024 453 2090 postquam
463 2023 541 2074 nullas
559 2026 700 2088 consurgere
711 2020 777 2088 poffe
788 2039 831 2088 pet
842 2038 901 2074 artes
908 2057 918 2086 ,

297 2102 517 2169 immemoremque
529 2105 563 2152 sui
575 2099 726 2167 procubuiise
736 2102 818 2162 videt3

265 2177 331 2238 Quid
342 2197 381 2228 me
392 2179 454 2230 ludis
465 2217 472 2240 ‚
485 2183 531 2230 ait?
547 2183 600 2246 quis
613 2196 653 2240 te,
665 2179 727 2231 male
738 2183 808 2242 sane,
818 2183 915 2248 jubebat

296 2256 401 2306 invitum
411 2259 492 2307 nostro
506 2275 592 2323 ponere
604 2260 712 2308 membra
723 2265 794 2312 toro?

263 2334 311 2384 Aut
328 2349 352 2384 te
367 2339 467 2402 trajeiiis
478 2336 543 2385 AEaea
552 2336 659 2386 venefica
670 2341 731 2387 ranis

213 2412 246 2460 80
295 2413 421 2464 Devovet:
432 2431 472 2464 aut
488 2415 537 2464 alio
552 2413 622 2464 laffus
634 2433 715 2464 amore
726 2419 801 2467 venis.
854 2467 856 2471 ,

182 2554 185 2561 Ι
223 2494 226 2499 ’
262 2489 314 2541 Nec
324 2509 408 2541 mora:
419 2491 516 2543 desiluit
527 2493 608 2543 tunica
619 2494 697 2543 velata
710 2496 829 2546 recinstals

295 2570 325 2619 Et
340 2569 420 2621 decuit
433 2571 510 2622 nudos
522 2569 662 2637 proripuiffe
676 2570 756 2637 pedes.

262 2646 329 2697 Neve
344 2650 390 2698 suae
401 2648 494 2714 possent
508 2653 621 2700 intritam
634 2651 693 2698 scire
704 2651 834 2714 ministra,

292 2723 403 2781 Dedecus
412 2730 463 2799 ‚hoc
479 2729 557 2780 sumta
574 2727 732 2780 dissimulavit
747 2729 819 2797 aqui.

533 2925 703 3011 W&
