2367 3992
351 463 616 534 thornts.
644 471 807 544 Er.V1.
876 500 915 568 25

228 598 907 675 e--*-·Q4st³”³³==³*

376 731 649 795 EPffiTOLA
691 738 755 798 vt

302 859 584 926 Hresrrran
635 868 820 933 JAsortr.

204 950 369 1073 erone
389 1021 514 1074 Theffaliae
532 1025 615 1078 reduci
630 1029 731 1096 tetigisse
744 1033 824 1086 carini

230 1100 342 1162 Diceris,
359 1117 447 1152 aurate
461 1103 548 1153 vellere
563 1104 629 1157 dives
645 1112 705 1158 ovis.

201 1181 312 1230 Gratulor
326 1182 464 1241 incolumi,
482 1199 598 1249 qnantum
615 1189 689 1236 sinis:
702 1191 748 1239 hoc
763 1205 843 1242 tumen
853 1192 903 1260 ipsa

152 1304 155 1311 .
228 1259 368 1309 Debueram
379 1261 469 1325 scripto
479 1265 567 1311 certior
577 1260 623 1312 csse
635 1280 686 1315 ruo.

198 1335 274 1396 Nam,
291 1353 322 1386 ne
333 1340 403 1402 paska
414 1339 457 1387 tibi
467 1355 551 1403 ptaeter
564 1358 618 1390 mea
632 1359 703 1407 regna
714 1343 818 1408 redires,

226 1415 293 1466 cum
309 1434 424 1482 cuperes,
434 1433 517 1467 ventos
527 1435 578 1468 non
591 1418 696 1469 habuisse
707 1438 786 1487 putes.

194 1493 335 1553 Quamlibet
346 1491 446 1544 adverso
458 1497 562 1560 signetur
572 1498 671 1562 epistola
681 1516 771 1562 vento,

138 1584 142 1639 ζ
223 1573 360 1639 Hypsipyle
375 1573 447 1623 missi
457 1572 529 1638 digna
538 1575 613 1625 salute
624 1578 667 1626 sui.

191 1653 242 1703 Cur
252 1655 316 1704 mihi
325 1653 393 1703 fama
403 1656 484 1717 prior,
500 1654 574 1719 quim
584 1659 672 1705 nuncia
682 1655 764 1714 litera.
775 1665 841 1713 venit
854 1697 863 1726 ,

222 1729 267 1781 lffe
278 1733 358 1781 sacros
368 1731 453 1780 Martis
464 1732 507 1779 sub
517 1735 573 1796 iuga
583 1731 661 1796 panda
672 1735 761 1786 boves?

188 1810 324 1860 Seminibus
335 1811 401 1874 jasiis
412 1810 499 1873 segetes
511 1807 615 1859 adolcffe
625 1815 746 1875 virorum,
809 1842 812 1847 ·

220 1888 297 1954 Inque
311 1903 397 1935 netem
411 1883 493 1936 dextri
504 1903 554 1936 non
567 1886 654 1952 eguisse
666 1891 715 1940 tui.

137 1992 140 2035 ξ
185 1966 333 2032 Pervigilem
345 1965 448 2030 spolium
459 1963 555 2031 pecudis
566 1964 665 2016 servasse
676 1966 824 2034 draconem,

147 2048 150 2055 “
216 2047 296 2111 Rapta
307 2059 389 2093 tamen
400 2044 457 2092 sorti
467 2044 556 2094 vellera
567 2043 634 2094 fulva
645 2063 727 2096 manu.

137 2150 142 2157 ·
184 2125 241 2174 Haec
254 2141 301 2189 ego
318 2126 337 2172 si
347 2119 439 2187 possem
451 2121 535 2172 timide
546 2121 711 2184 credentibus,
728 2126 774 2178 Ista

214 2205 267 2268 ipsc
278 2203 341 2251 mihi
356 2203 462 2266 scripsit,
474 2199 566 2261 dicere,
577 2217 667 2266 quanta
675 2202 770 2254 forem!

181 2279 248 2342 Quid
259 2296 349 2347 queror
359 2277 466 2327 officium
478 2278 537 2328 lenti
548 2275 642 2328 cessasse
652 2285 732 2332 mariti
744 2287 753 2333 Ξ

212 2359 365 2424 Obsequium
377 2392 385 2416 ‚
401 2374 486 2406 maneo
498 2360 517 2406 si
528 2371 584 2416 tua,
596 2356 685 2421 grande
697 2360 750 2411 tuli.

178 2437 283 2486 Barbara
296 2449 405 2486 narratur
416 2432 504 2484 venisse
513 2433 619 2485 venefica
630 2450 724 2498 tecum,

141 2533 145 2541 ·
211 2515 240 2563 In
251 2516 312 2563 mihi
324 2515 434 2578 promissi
444 2529 510 2578 parte
521 2528 616 2579 recepta
628 2519 683 2564 toti.

177 2592 286 2646 Credula
296 2609 332 2641 res
343 2608 411 2641 amor
421 2591 454 2640 est
464 2610 469 2640 ε
483 2594 575 2640 utinam
586 2597 711 2642 temeraria
720 2593 787 2646 dicar

207 2671 361 2722 Criminibus
374 2669 438 2718 falsis
447 2668 593 2718 insimulasse
604 2670 698 2720 virum!

173 2749 258 2815 Nuper
269 2751 299 2798 ab
312 2748 444 2797 Haemoniis
454 2750 539 2812 hospes
549 2749 610 2796 mihi
624 2745 749 2799 Thessalus
765 2755 812 2801 oris

205 2829 327 2886 Veneram
344 2830 369 2876 δι
380 2829 467 2875 casium
480 2829 519 2876 vix
531 2827 589 2875 bene
602 2825 677 2875 limen
688 2843 754 2877 erar:

171 2904 316 2965 AEsonides‚
329 2903 392 2966 dixi,
403 2903 463 2972 quid
474 2909 523 2971 agit
534 2923 600 2955 meus
610 2910 618 2955 Ξ
630 2905 675 2955 Ille
685 2905 777 2971 pudore

169 2986 265 3044 Haesit,
281 2987 307 3033 in
318 2983 429 3048 oppositi
444 2984 535 3033 lumina
547 2983 607 3033 fixus
617 2986 701 3035 humo.

168 3065 283 3112 Protinus
297 3063 387 3123 exilui,
403 3066 534 3130 tunicisque
546 3081 560 3113 a
570 3066 664 3130 pesiore
675 3069 763 3130 ruptis,

200 3143 289 3192 Vivit?
299 3158 330 3190 an
339 3177 349 3206 ,
358 3142 465 3193 exclamo
474 3177 484 3206 ,
497 3159 536 3194 nte
544 3159 640 3210 quoque
652 3142 700 3194 fata
708 3148 821 3196 trahunt?

204 3222 328 3270 Tomuss.
738 3224 757 3272 B

951 1403 959 1443 5
