2367 3992
320 500 388 567 130
440 475 914 547 ovrnrrnnozwn

316 601 376 665 Quae
393 616 419 651 tu
430 599 578 660 reddideris,
591 618 636 666 ego
646 604 736 666 primus
748 601 835 667 pocula
844 605 957 653 sumam:

349 681 380 729 Et
390 679 438 745 qual
451 696 477 730 tu
489 682 590 740 biberis,
608 683 652 729 bac
664 698 708 746 ego
720 696 786 746 parte
797 683 888 730 bibam.

317 761 341 808 si
353 760 396 808 tibi
411 759 474 808 forte
485 757 568 818 dabit,
581 776 642 825 quos
652 759 828 825 praegustaverit
838 761 904 824 ipse,

266 858 278 868 ·’
349 839 429 903 Rejite
444 837 531 887 libatos
543 838 608 887 illius
619 856 660 887 ore
672 841 747 886 cibos.

265 924 296 968 -35
316 915 367 966 Nec
378 932 471 981 premat
483 919 603 983 impositis
614 920 687 966 sinito
698 934 738 966 tua
750 917 814 966 colla
824 916 936 966 lacertis:

347 995 409 1043 Mite
422 1011 466 1044 noc
480 999 506 1044 in
519 993 598 1060 rigido
610 998 703 1060 peslote
714 1012 777 1060 pone
789 1010 869 1060 caput.

209 1104 216 1119 .
315 1073 367 1123 Nec
378 1077 441 1122 sinus
452 1072 565 1123 admittat
575 1072 666 1138 digitos
676 1108 683 1131 ‚
695 1074 814 1123 habilesve
825 1071 930 1138 papillae.

348 1152 436 1201 Oscula
445 1151 562 1218 praecipud
572 1152 639 1201 nulla
648 1150 738 1201 dedisse
749 1152 818 1200 velis.

315 1231 403 1280 Oscula
414 1235 432 1280 si
442 1230 534 1281 dederis
544 1266 552 1291 ‚
564 1230 621 1279 fiam
634 1231 771 1280 manifestus
782 1247 876 1280 amator
887 1249 894 1278 :

264 1317 297 1362 40
347 1310 378 1359 Et
392 1309 486 1370 dicam,
505 1312 561 1359 Mea
573 1312 627 1359 sunt
638 1329 644 1358 ε
656 1313 810 1376 injiciamque
822 1327 915 1358 manus.

314 1387 372 1439 Haec
384 1405 464 1438 tamen
474 1391 584 1454 aspiciam
596 1406 604 1447 3
618 1386 658 1438 sed
666 1405 718 1454 quae
729 1390 788 1437 bene
798 1389 871 1453 pallia
880 1390 981 1452 celant,

346 1467 392 1517 llla
402 1471 462 1516 mihi
474 1470 530 1518 caeci
541 1469 610 1516 causa
622 1470 714 1516 timoris
725 1483 802 1517 erunt.

313 1543 365 1594 Nec
376 1542 463 1595 femori
474 1549 600 1596 committe
611 1547 706 1606 femur,
723 1564 767 1596 nec
778 1563 846 1596 crure
856 1549 972 1608 cohaere,

347 1621 398 1671 Nec
414 1638 522 1673 tenerum
533 1624 595 1674 duro
606 1642 661 1674 curn
672 1624 733 1691 pede
744 1630 816 1691 Junge
826 1624 922 1691 pedem.

264 1711 293 1756 45
314 1701 394 1751 Multa
404 1705 475 1751 miser
492 1706 584 1764 timeo,
604 1707 660 1770 quia
676 1704 722 1753 feci
736 1704 812 1754 multa
823 1702 949 1769 protervda

345 1779 502 1848 Exemplique
515 1798 581 1832 metu
592 1798 706 1849 torqueor
713 1784 762 1848 ipse
770 1786 827 1831 mei.

313 1861 378 1925 Saepe
390 1863 449 1910 mihi
461 1859 613 1928 dominaeque
627 1879 686 1910 meae
697 1876 822 1927 properata
831 1860 963 1926 voluptas,
1052 1912 1056 1920 ,

345 1940 414 1988 Veste
430 1940 574 2005 subinjesld‚
589 1939 659 1990 dulce
670 1943 761 2006 peregit
773 1957 843 2004 opus.

313 2017 367 2068 Hoc
378 2034 403 2068 tu
414 2036 463 2068 non
474 2019 544 2068 facies
554 2039 560 2068 t
573 2018 613 2068 sed
625 2036 655 2068 ne
667 2016 746 2069 secisse
757 2021 846 2084 puteris
853 2051 864 2077 ,

265 2105 295 2150 50
344 2096 449 2146 Conscia
462 2095 492 2146 de
502 2102 595 2162 gremio
605 2097 679 2163 pallia
693 2096 825 2146 demetuo.

312 2175 357 2225 Vir
371 2175 439 2224 bibat
448 2177 521 2240 usque
529 2193 602 2240 roga:
615 2177 723 2240 precibus
735 2192 814 2225 tamen
825 2175 906 2225 oscula
916 2174 1011 2228 desint.

344 2253 458 2319 Dumque
469 2254 547 2312 bibit,
562 2253 646 2302 furtim
653 2289 662 2313 ,
672 2257 691 2302 si
701 2269 783 2318 potes,
795 2251 857 2302 adde
868 2270 974 2303 merum.

311 2332 336 2380 si
346 2333 406 2380 benc
416 2335 563 2396 compositus
574 2333 660 2380 somno
668 2336 772 2397 vinoque
782 2334 872 2396 jacebit
884 2368 893 2392 ,

344 2409 482 2461 Consilium
497 2411 566 2460 nobis
581 2427 666 2476 resque
679 2409 793 2475 locusque
806 2407 913 2470 dabunt,

265 2495 291 2541 55
310 2487 377 2540 Cdm
392 2491 470 2553 surges
485 2490 577 2538 abitura
590 2486 709 2544 domum,
722 2491 843 2554 surgemus
856 2494 880 2538 δι
891 2505 987 2540 omnes.

343 2568 371 2616 In
384 2565 490 2618 medium
505 2556 579 2617 turbae
591 2568 629 2617 fac
643 2586 737 2619 memor
752 2585 838 2633 agmen
852 2585 898 2617 eas.

310 2649 413 2713 Agmine
425 2665 464 2696 me
474 2650 578 2696 invenies
588 2682 597 2707 ,
609 2663 649 2697 aut
660 2650 802 2705 invenieris,
815 2651 840 2694 in
851 2647 904 2696 illo.

344 2725 467 2793 Quicquid
480 2728 513 2776 ibi
528 2730 617 2792 poteris
629 2743 741 2792 tangere,
754 2742 823 2792 tange
835 2729 892 2774 mei.

310 2805 352 2856 Me
370 2808 482 2854 miserum
494 2807 501 2855 l
515 2823 601 2871 paucas
613 2809 696 2854 monui
708 2805 774 2871 quod
790 2807 866 2870 prosit
875 2807 900 2851 iu
911 2805 1002 2854 horas:

261 2883 293 2922 60
342 2884 440 2946 Separor
453 2901 466 2933 a
477 2882 592 2943 domini,
605 2887 674 2932 noste
680 2887 794 2948 jubente,
810 2883 872 2932 meai.
913 2910 922 2924 ·

311 2959 388 3009 Nosle
398 2964 435 3010 vir
447 2960 556 3010 includet
567 2981 573 3010 s
586 2961 698 3024 lacrymis
710 2980 755 3028 ego
765 2965 858 3012 maelius
869 2964 983 3026 obortis,

344 3037 399 3098 Qual
411 3038 482 3098 licet,
494 3037 524 3088 ad
535 3041 605 3090 saevas
616 3043 743 3108 prosequar
754 3045 826 3108 usque
840 3042 912 3090 fores.

310 3116 399 3166 Oscula
408 3120 457 3180 Jam
477 3119 569 3168 sumet:
584 3123 634 3185 jam
645 3138 695 3170 non
709 3138 802 3171 tuntum
814 3121 895 3171 oscula
908 3125 1000 3173 sumet.

343 3193 416 3259 Quod
428 3199 489 3248 mihi
499 3196 541 3251 das
553 3198 653 3263 bustim,
667 3203 718 3267 jure
729 3197 895 3251 coacta-dabis.
