2367 3992
267 347 331 409 'nn
348 338 676 412 AnrtAuAunr
694 342 817 408 LIII.
856 361 923 426 ²57

244 460 309 511 Ctlm
321 477 386 528 rapta
397 462 444 516 est,
455 462 522 527 pulli
534 479 585 511 tum
597 478 694 528 quoque
707 461 769 510 veste
779 460 834 510 fuit.
930 473 975 517 190

206 537 271 587 Alba
283 537 368 589 decent
379 541 468 589 fuscas:
480 541 556 600 albis,
572 539 679 604 Cephei,
688 539 815 604 placebas,

208 610 213 616 “
242 620 281 665 Sic
292 621 335 666 tibi
347 619 434 668 vestita
444 616 519 684 preffa
534 620 644 683 Seriphos
656 632 714 666 erat.

206 693 290 753 Qualrn
302 713 368 760 pene
376 697 490 745 admonui
499 732 506 755 ‚
515 713 545 744 ne
558 712 611 745 trux
623 713 691 761 caper
703 699 749 745 iret
758 697 784 743 in
792 693 840 743 alas
849 694 858 743 l

240 772 309 820 Neve
323 773 402 822 forent
415 773 478 823 duris
490 776 569 839 aspera
579 791 647 823 crura
658 775 729 838 pilis!

205 850 253 900 sed
269 869 319 902 non
330 853 450 903 Caucasea
460 851 536 902 doceo
548 851 577 901 de
587 870 644 918 rupe
655 852 761 918 puellas,
931 860 974 903 ¹9<

239 929 347 996 Quaeque
364 933 446 979 bibant
463 929 554 990 undas,
570 932 640 992 Myse
650 931 740 989 Caice,
755 945 815 979 tuas.

207 1003 273 1064 Quid
283 1014 291 1057 ?
307 1011 325 1054 si
334 1010 468 1070 praecipiam
479 1042 487 1065 ‚
497 1023 525 1055 ne
534 1007 609 1056 fuscet
618 1011 702 1055 inertia
712 1005 813 1059 dentes?

238 1085 336 1148 Oraque
348 1085 453 1148 suscepta
464 1101 533 1132 mane
545 1083 653 1132 laventur
663 1084 740 1149 aqud?

206 1163 276 1209 Scitis
289 1165 314 1208 ὅ(
328 1159 423 1208 indutu
435 1159 564 1209 candorem
574 1178 676 1226 quaerere
687 1161 754 1209 ceris

237 1241 357 1302 Sanguine
374 1254 425 1303 quae
435 1255 491 1287 veto
504 1255 553 1287 non
564 1240 648 1297 rubet,
660 1255 709 1287 arte
720 1239 797 1288 rubet.
927 1249 974 1282 200

205 1315 275 1374 Arte,
288 1316 408 1380 supercilii
421 1315 525 1365 confinia
536 1315 600 1366 nuda
611 1316 723 1381 repletis,

236 1395 358 1459 Parvaque
369 1398 468 1442 sinceras
476 1393 540 1443 velat
550 1395 614 1444 aluta
625 1411 706 1460 genas.

187 1506 191 1513 .
205 1470 256 1519 Nec
267 1469 344 1535 pudor
353 1473 384 1520 est
394 1471 478 1520 oculos
490 1477 555 1521 tenui
566 1477 657 1538 signare
669 1472 752 1523 favilld
765 1491 772 1531 ;

235 1549 281 1596 Vel
293 1565 367 1613 prope
379 1565 401 1597 re
412 1565 487 1608 nato,
503 1550 581 1598 lucide
592 1550 697 1612 Cydne,
714 1569 794 1602 croco.
866 1549 869 1553 ’

204 1623 242 1672 Est
253 1628 330 1685 mihi,
344 1643 392 1690 quo
403 1624 451 1673 dixi
462 1627 541 1674 vestrae
551 1626 711 1677 medicamina
721 1629 820 1690 fornix,
845 1655 849 1664 ·

235 1704 341 1761 Parvus,
359 1700 399 1751 sed
410 1703 466 1750 curi
477 1702 564 1766 grande
576 1705 671 1752 libellus
682 1723 750 1770 opus.

203 1780 266 1829 Hinc
282 1797 379 1846 quoque
390 1779 526 1845 praesidium
536 1782 594 1830 laesae
605 1786 705 1847 petitote
716 1781 814 1848 figuret:

234 1857 293 1907 Non
309 1860 341 1907 est
352 1876 395 1924 pro
406 1859 485 1908 vellris
494 1876 529 1908 ars
540 1878 593 1910 mea
604 1864 672 1910 rebus
683 1865 753 1910 iners.

201 1935 259 1985 Non
272 1951 352 1986 tamen
364 1940 479 2002 expositas
490 1938 572 1986 menti
587 1937 718 2004 deprendat
728 1955 820 1989 amator

214 2044 217 2049 ·
234 2013 335 2077 Pyxidas
347 2035 353 2063 ε
366 2032 401 2063 ars
413 2015 498 2064 faelem
510 2015 657 2066 dissimulata
668 2022 742 2081 juvet.

201 2093 280 2153 Quem
290 2109 338 2141 non
349 2091 458 2141 offendar
469 2109 522 2142 toto
534 2094 578 2143 far
589 2095 651 2144 illita
666 2096 751 2155 vultu,

235 2171 300 2222 Ctim
312 2170 366 2220 fluit
376 2176 400 2219 in
412 2171 504 2236 tepidos
518 2172 623 2237 pondere
633 2173 696 2239 lapsa
708 2177 786 2226 sinus?

177 2308 181 2316 ι
200 2249 287 2313 OEsypa
298 2248 356 2314 quid
372 2249 495 2298 redolent?
511 2256 619 2315 quamvis
631 2255 738 2301 nrirtarur
750 2254 849 2304 Athenis
931 2310 933 2314 ,

232 2327 334 2376 Demrus
345 2328 373 2376 ab
388 2326 514 2378 immundo
526 2329 613 2377 vellere
624 2332 705 2378 succus
717 2335 777 2379 ovis.

199 2406 252 2455 Nec
263 2423 343 2454 coram
358 2409 442 2453 mixtas
453 2422 527 2453 cervae
538 2404 644 2454 suntsiffe
659 2407 792 2463 medullas,

232 2482 283 2531 Nec
299 2499 379 2530 coram
392 2481 473 2529 dentes
484 2480 618 2531 defricuille
632 2486 739 2548 probem.

197 2561 242 2609 Illa
255 2549 347 2609 dabunt
358 2560 460 2617 facirm3
475 2559 514 2608 sed
528 2576 597 2609 erunt
610 2559 727 2610 deformia
739 2565 800 2612 uisu.

143 2668 150 2682 ,
231 2638 373 2702 Multaque,
390 2635 448 2685 dum
460 2637 533 2692 fiunt,
545 2642 637 2702 turpia,
653 2639 713 2687 futla
727 2640 831 2704 placent.

197 2715 257 2776 Quae
269 2731 332 2763 nunc
345 2731 432 2763 nomen
449 2717 537 2766 habent
546 2719 640 2781 operosi
651 2720 716 2782 signa
729 2720 852 2783 Myronis,

230 2790 326 2844 Pondus
341 2796 402 2840 iners
418 2792 556 2858 quondam,
568 2793 673 2860 duraque
684 2793 757 2846 malla
769 2798 824 2850 fuit.

196 2869 304 2920 Annulus
320 2886 346 2918 ut
363 2868 417 2923 fiat,
436 2875 514 2934 primo
529 2871 653 2922 colliditur
663 2891 764 2925 aurum:

230 2947 294 3005 Quas
311 2950 391 3015 geritis
402 2948 491 3007 vestes,
503 2949 598 2999 sordida
609 2951 662 3000 lana
673 2953 727 3001 fuit.

180 3052 183 3056 ·
196 3024 263 3079 clu
274 3024 340 3075 fieret
347 3059 356 3089 ,
371 3025 430 3093 lupis
442 3028 507 3093 asper
518 3044 584 3088 erat3
597 3046 659 3079 nunc
670 3030 751 3080 nobile
762 3032 870 3098 signumt
