<?xml version="1.0" encoding="UTF-8"?>
<!DOCTYPE html PUBLIC "-//W3C//DTD XHTML 1.0 Transitional//EN"
    "http://www.w3.org/TR/xhtml1/DTD/xhtml1-transitional.dtd">
<html xmlns="http://www.w3.org/1999/xhtml" xml:lang="en" lang="en">
 <head>
  <title>
</title>
<meta http-equiv="Content-Type" content="text/html;charset=utf-8" />
  <meta name='ocr-system' content='tesseract 3.04.00' />
  <meta name='ocr-capabilities' content='ocr_page ocr_carea ocr_par ocr_line ocrx_word'/>
</head>
<body>
  <div class='ocr_page' id='page_1' title='image "./povidiinasoniso03ovidgoog_0068.png"; bbox 0 0 2367 3992; ppageno 0'>
   <div class='ocr_carea' id='block_1_1' title="bbox 318 469 932 553">
    <p class='ocr_par' dir='ltr' id='par_1_1' title="bbox 318 469 932 553">
     <span class='ocr_line' id='line_1_1' title="bbox 318 469 932 553; baseline 0.013 -19"><span class='ocrx_word' id='word_1_1' title='bbox 318 472 361 553; x_wconf 78' lang='lat'>48</span> <span class='ocrx_word' id='word_1_2' title='bbox 426 469 469 537; x_wconf 88' lang='lat' dir='ltr'>P.</span> <span class='ocrx_word' id='word_1_3' title='bbox 504 470 682 537; x_wconf 74' lang='lat' dir='ltr'>omn</span> <span class='ocrx_word' id='word_1_4' title='bbox 710 473 932 542; x_wconf 60' lang='lat' dir='ltr'>Nrsoms</span> 
     </span>
    </p>
   </div>
   <div class='ocr_carea' id='block_1_2' title="bbox 223 592 1002 3232">
    <p class='ocr_par' dir='ltr' id='par_1_2' title="bbox 244 592 1002 2144">
     <span class='ocr_line' id='line_1_2' title="bbox 316 592 890 658; baseline 0.007 -18"><span class='ocrx_word' id='word_1_5' title='bbox 316 594 339 640; x_wconf 88' lang='lat' dir='ltr'>Si</span> <span class='ocrx_word' id='word_1_6' title='bbox 355 609 420 641; x_wconf 81' lang='lat' dir='ltr'>mate</span> <span class='ocrx_word' id='word_1_7' title='bbox 432 627 440 653; x_wconf 91' lang='lat'><strong><em>,</em></strong></span> <span class='ocrx_word' id='word_1_8' title='bbox 458 595 477 640; x_wconf 91' lang='lat' dir='ltr'>si</span> <span class='ocrx_word' id='word_1_9' title='bbox 489 606 560 642; x_wconf 77' lang='lat' dir='ltr'>tetras</span> <span class='ocrx_word' id='word_1_10' title='bbox 571 595 724 658; x_wconf 56' lang='lat' dir='ltr'>putremque</span> <span class='ocrx_word' id='word_1_11' title='bbox 738 593 809 642; x_wconf 77' lang='lat' dir='ltr'>litora</span> <span class='ocrx_word' id='word_1_12' title='bbox 820 592 890 654; x_wconf 80' lang='lat' dir='ltr'>vidi3</span> 
     </span>
     <span class='ocr_line' id='line_1_3' title="bbox 347 671 921 738; baseline 0.009 -20"><span class='ocrx_word' id='word_1_13' title='bbox 347 671 427 720; x_wconf 79' lang='lat' dir='ltr'>Multa</span> <span class='ocrx_word' id='word_1_14' title='bbox 438 673 497 719; x_wconf 89' lang='lat' dir='ltr'>mihi</span> <span class='ocrx_word' id='word_1_15' title='bbox 512 685 598 730; x_wconf 71' lang='lat' dir='ltr'>terete,</span> <span class='ocrx_word' id='word_1_16' title='bbox 621 671 698 720; x_wconf 81' lang='lat' dir='ltr'>multa</span> <span class='ocrx_word' id='word_1_17' title='bbox 708 675 829 721; x_wconf 81' lang='lat' dir='ltr'>minantur</span> <span class='ocrx_word' id='word_1_18' title='bbox 844 689 921 738; x_wconf 72' lang='lat' dir='ltr'>aque.</span> 
     </span>
     <span class='ocr_line' id='line_1_4' title="bbox 261 740 897 826; baseline -0.006 -26"><span class='ocrx_word' id='word_1_19' title='bbox 261 740 298 826; x_wconf 79' lang='lat'>95¹</span> <span class='ocrx_word' id='word_1_20' title='bbox 313 749 413 800; x_wconf 84' lang='lat' dir='ltr'>Coelum</span> <span class='ocrx_word' id='word_1_21' title='bbox 422 749 522 798; x_wconf 79' lang='lat' dir='ltr'>restabat</span> <span class='ocrx_word' id='word_1_22' title='bbox 532 767 538 796; x_wconf 82' lang='lat' dir='ltr'>t</span> <span class='ocrx_word' id='word_1_23' title='bbox 557 751 632 797; x_wconf 86' lang='lat' dir='ltr'>timeo</span> <span class='ocrx_word' id='word_1_24' title='bbox 642 749 770 798; x_wconf 75' lang='lat' dir='ltr'>simulacra</span> <span class='ocrx_word' id='word_1_25' title='bbox 779 749 897 799; x_wconf 83' lang='lat' dir='ltr'>Deorum.</span> 
     </span>
     <span class='ocr_line' id='line_1_5' title="bbox 342 824 862 893; baseline 0 -17"><span class='ocrx_word' id='word_1_26' title='bbox 342 828 463 877; x_wconf 88' lang='lat' dir='ltr'>Destituor</span> <span class='ocrx_word' id='word_1_27' title='bbox 478 825 565 892; x_wconf 81' lang='lat' dir='ltr'>rapidis</span> <span class='ocrx_word' id='word_1_28' title='bbox 577 824 657 891; x_wconf 80' lang='lat' dir='ltr'>ptaeda</span> <span class='ocrx_word' id='word_1_29' title='bbox 668 829 783 893; x_wconf 80' lang='lat' dir='ltr'>cibusque</span> <span class='ocrx_word' id='word_1_30' title='bbox 798 827 862 877; x_wconf 85' lang='lat' dir='ltr'>fetis.</span> 
     </span>
     <span class='ocr_line' id='line_1_6' title="bbox 308 903 916 970; baseline 0.005 -14"><span class='ocrx_word' id='word_1_31' title='bbox 308 908 362 956; x_wconf 82' lang='lat' dir='ltr'>Sive</span> <span class='ocrx_word' id='word_1_32' title='bbox 373 906 456 956; x_wconf 88' lang='lat' dir='ltr'>colunt</span> <span class='ocrx_word' id='word_1_33' title='bbox 466 907 622 970; x_wconf 81' lang='lat' dir='ltr'>habitantque</span> <span class='ocrx_word' id='word_1_34' title='bbox 632 907 677 954; x_wconf 85' lang='lat' dir='ltr'>viri</span> <span class='ocrx_word' id='word_1_35' title='bbox 683 939 692 965; x_wconf 89' lang='lat'>,</span> <span class='ocrx_word' id='word_1_36' title='bbox 708 903 840 955; x_wconf 85' lang='lat' dir='ltr'>diffidimus</span> <span class='ocrx_word' id='word_1_37' title='bbox 850 908 899 958; x_wconf 83' lang='lat' dir='ltr'>illis</span> <span class='ocrx_word' id='word_1_38' title='bbox 909 928 916 958; x_wconf 74' lang='grc' dir='ltr'><strong>ι</strong></span> 
     </span>
     <span class='ocr_line' id='line_1_7' title="bbox 338 981 778 1034; baseline -0.005 -2"><span class='ocrx_word' id='word_1_39' title='bbox 338 985 454 1034; x_wconf 80' lang='lat' dir='ltr'>Externos</span> <span class='ocrx_word' id='word_1_40' title='bbox 464 981 538 1033; x_wconf 88' lang='lat' dir='ltr'>didici</span> <span class='ocrx_word' id='word_1_41' title='bbox 545 981 599 1030; x_wconf 79' lang='lat' dir='ltr'>iaese</span> <span class='ocrx_word' id='word_1_42' title='bbox 610 985 694 1030; x_wconf 88' lang='lat' dir='ltr'>timere</span> <span class='ocrx_word' id='word_1_43' title='bbox 705 984 778 1031; x_wconf 85' lang='lat' dir='ltr'>viros.</span> 
     </span>
     <span class='ocr_line' id='line_1_8' title="bbox 305 1059 911 1126; baseline 0.007 -16"><span class='ocrx_word' id='word_1_44' title='bbox 305 1061 402 1111; x_wconf 84' lang='lat' dir='ltr'>Viveret</span> <span class='ocrx_word' id='word_1_45' title='bbox 418 1059 558 1126; x_wconf 77' lang='lat' dir='ltr'><strong>Androgeos</strong></span> <span class='ocrx_word' id='word_1_46' title='bbox 573 1062 681 1118; x_wconf 80' lang='lat' dir='ltr'>utinam3</span> <span class='ocrx_word' id='word_1_47' title='bbox 696 1075 740 1109; x_wconf 85' lang='lat' dir='ltr'>nec</span> <span class='ocrx_word' id='word_1_48' title='bbox 751 1060 811 1110; x_wconf 73' lang='lat' dir='ltr'>fasta</span> <span class='ocrx_word' id='word_1_49' title='bbox 823 1061 911 1114; x_wconf 76' lang='lat' dir='ltr'>iuiffes‘</span> 
     </span>
     <span class='ocr_line' id='line_1_9' title="bbox 259 1136 856 1204; baseline 0.003 -17"><span class='ocrx_word' id='word_1_50' title='bbox 259 1140 305 1173; x_wconf 84' lang='lat'>¹0⁰</span> <span class='ocrx_word' id='word_1_51' title='bbox 338 1140 415 1204; x_wconf 83' lang='lat' dir='ltr'>Impia</span> <span class='ocrx_word' id='word_1_52' title='bbox 429 1138 565 1193; x_wconf 83' lang='lat' dir='ltr'>funeribus,</span> <span class='ocrx_word' id='word_1_53' title='bbox 582 1136 687 1203; x_wconf 85' lang='lat' dir='ltr'>Cecropi</span> <span class='ocrx_word' id='word_1_54' title='bbox 701 1152 762 1187; x_wconf 86' lang='lat' dir='ltr'>terta</span> <span class='ocrx_word' id='word_1_55' title='bbox 770 1173 778 1200; x_wconf 89' lang='lat'>‚</span> <span class='ocrx_word' id='word_1_56' title='bbox 791 1142 856 1189; x_wconf 82' lang='lat' dir='ltr'>tuis!</span> 
     </span>
     <span class='ocr_line' id='line_1_10' title="bbox 302 1213 874 1280; baseline 0.002 -14"><span class='ocrx_word' id='word_1_57' title='bbox 302 1216 354 1266; x_wconf 86' lang='lat' dir='ltr'>Nee</span> <span class='ocrx_word' id='word_1_58' title='bbox 371 1233 411 1267; x_wconf 83' lang='lat' dir='ltr'>tua</span> <span class='ocrx_word' id='word_1_59' title='bbox 424 1213 545 1266; x_wconf 78' lang='lat' dir='ltr'>mastaffet</span> <span class='ocrx_word' id='word_1_60' title='bbox 555 1214 649 1265; x_wconf 92' lang='lat' dir='ltr'>nudoso</span> <span class='ocrx_word' id='word_1_61' title='bbox 662 1215 755 1280; x_wconf 80' lang='lat' dir='ltr'>stipite,</span> <span class='ocrx_word' id='word_1_62' title='bbox 767 1217 874 1274; x_wconf 88' lang='lat' dir='ltr'>Theseu,</span> 
     </span>
     <span class='ocr_line' id='line_1_11' title="bbox 334 1292 892 1360; baseline 0.005 -16"><span class='ocrx_word' id='word_1_63' title='bbox 334 1293 414 1344; x_wconf 77' lang='lat' dir='ltr'>Ardua</span> <span class='ocrx_word' id='word_1_64' title='bbox 424 1309 491 1360; x_wconf 82' lang='lat' dir='ltr'>parte</span> <span class='ocrx_word' id='word_1_65' title='bbox 500 1297 580 1346; x_wconf 86' lang='lat' dir='ltr'>virum</span> <span class='ocrx_word' id='word_1_66' title='bbox 588 1292 683 1343; x_wconf 78' lang='lat' dir='ltr'>dextera</span> <span class='ocrx_word' id='word_1_67' title='bbox 689 1327 698 1353; x_wconf 86' lang='lat'>,</span> <span class='ocrx_word' id='word_1_68' title='bbox 713 1308 779 1358; x_wconf 84' lang='lat' dir='ltr'>parte</span> <span class='ocrx_word' id='word_1_69' title='bbox 790 1296 892 1346; x_wconf 85' lang='lat' dir='ltr'>bovem!</span> 
     </span>
     <span class='ocr_line' id='line_1_12' title="bbox 299 1371 1002 1441; baseline 0.013 -20"><span class='ocrx_word' id='word_1_70' title='bbox 299 1372 351 1422; x_wconf 88' lang='lat' dir='ltr'>Nec</span> <span class='ocrx_word' id='word_1_71' title='bbox 367 1375 431 1435; x_wconf 87' lang='lat' dir='ltr'>tibi,</span> <span class='ocrx_word' id='word_1_72' title='bbox 447 1391 499 1440; x_wconf 83' lang='lat' dir='ltr'>quae</span> <span class='ocrx_word' id='word_1_73' title='bbox 516 1371 606 1422; x_wconf 83' lang='lat' dir='ltr'>reditus</span> <span class='ocrx_word' id='word_1_74' title='bbox 620 1373 794 1432; x_wconf 81' lang='lat' dir='ltr'>monstrarent,</span> <span class='ocrx_word' id='word_1_75' title='bbox 814 1374 855 1425; x_wconf 77' lang='lat' dir='ltr'>fila</span> <span class='ocrx_word' id='word_1_76' title='bbox 867 1375 1002 1441; x_wconf 73' lang='lat' dir='ltr'>dedissem</span> 
     </span>
     <span class='ocr_line' id='line_1_13' title="bbox 330 1449 852 1517; baseline 0.006 -18"><span class='ocrx_word' id='word_1_77' title='bbox 330 1451 383 1500; x_wconf 73' lang='lat' dir='ltr'>fita</span> <span class='ocrx_word' id='word_1_78' title='bbox 401 1469 443 1517; x_wconf 89' lang='lat' dir='ltr'>per</span> <span class='ocrx_word' id='word_1_79' title='bbox 453 1449 563 1501; x_wconf 66' lang='lat' dir='ltr'>adductas</span> <span class='ocrx_word' id='word_1_80' title='bbox 577 1453 636 1516; x_wconf 78' lang='lat' dir='ltr'>saepe</span> <span class='ocrx_word' id='word_1_81' title='bbox 648 1466 741 1515; x_wconf 82' lang='lat' dir='ltr'>recepta</span> <span class='ocrx_word' id='word_1_82' title='bbox 750 1468 833 1501; x_wconf 86' lang='lat' dir='ltr'>manus</span> <span class='ocrx_word' id='word_1_83' title='bbox 845 1454 852 1503; x_wconf 76' lang='lat' dir='ltr'>i</span> 
     </span>
     <span class='ocr_line' id='line_1_14' title="bbox 248 1527 888 1598; baseline 0.006 -22"><span class='ocrx_word' id='word_1_84' title='bbox 248 1527 353 1598; x_wconf 75' lang='lat' dir='ltr'>105N0n</span> <span class='ocrx_word' id='word_1_85' title='bbox 370 1528 482 1597; x_wconf 83' lang='lat' dir='ltr'>equidem</span> <span class='ocrx_word' id='word_1_86' title='bbox 493 1532 581 1588; x_wconf 89' lang='lat' dir='ltr'>miror,</span> <span class='ocrx_word' id='word_1_87' title='bbox 598 1532 617 1576; x_wconf 88' lang='lat' dir='ltr'>si</span> <span class='ocrx_word' id='word_1_88' title='bbox 627 1529 671 1577; x_wconf 80' lang='lat' dir='ltr'>stat</span> <span class='ocrx_word' id='word_1_89' title='bbox 680 1531 779 1579; x_wconf 66' lang='lat' dir='ltr'>vitiosis</span> <span class='ocrx_word' id='word_1_90' title='bbox 790 1545 888 1593; x_wconf 86' lang='lat' dir='ltr'>tecum,</span> 
     </span>
     <span class='ocr_line' id='line_1_15' title="bbox 328 1607 882 1674; baseline 0.009 -19"><span class='ocrx_word' id='word_1_91' title='bbox 328 1609 451 1674; x_wconf 80' lang='lat' dir='ltr'>Strataque</span> <span class='ocrx_word' id='word_1_92' title='bbox 462 1607 581 1658; x_wconf 79' lang='lat' dir='ltr'>Cretaeem</span> <span class='ocrx_word' id='word_1_93' title='bbox 595 1607 675 1657; x_wconf 77' lang='lat' dir='ltr'>bellua</span> <span class='ocrx_word' id='word_1_94' title='bbox 687 1611 758 1656; x_wconf 83' lang='lat' dir='ltr'>tinxit</span> <span class='ocrx_word' id='word_1_95' title='bbox 765 1611 882 1660; x_wconf 81' lang='lat' dir='ltr'>humum:</span> 
     </span>
     <span class='ocr_line' id='line_1_16' title="bbox 294 1683 864 1750; baseline 0 -16"><span class='ocrx_word' id='word_1_96' title='bbox 294 1683 351 1734; x_wconf 86' lang='lat' dir='ltr'>Non</span> <span class='ocrx_word' id='word_1_97' title='bbox 366 1699 477 1750; x_wconf 80' lang='lat' dir='ltr'>poterant</span> <span class='ocrx_word' id='word_1_98' title='bbox 490 1683 529 1750; x_wconf 75' lang='lat' dir='ltr'>figi</span> <span class='ocrx_word' id='word_1_99' title='bbox 544 1684 676 1750; x_wconf 82' lang='lat' dir='ltr'>praecordia</span> <span class='ocrx_word' id='word_1_100' title='bbox 687 1685 762 1735; x_wconf 84' lang='lat' dir='ltr'>ferrea</span> <span class='ocrx_word' id='word_1_101' title='bbox 773 1702 864 1734; x_wconf 84' lang='lat' dir='ltr'>cornu:</span> 
     </span>
     <span class='ocr_line' id='line_1_17' title="bbox 299 1761 829 1830; baseline 0.006 -20"><span class='ocrx_word' id='word_1_102' title='bbox 299 1761 303 1769; x_wconf 89' lang='lat'>&#39;</span> <span class='ocrx_word' id='word_1_103' title='bbox 324 1762 359 1811; x_wconf 92' lang='lat' dir='ltr'>Ut</span> <span class='ocrx_word' id='word_1_104' title='bbox 373 1778 397 1812; x_wconf 90' lang='lat' dir='ltr'>te</span> <span class='ocrx_word' id='word_1_105' title='bbox 407 1780 457 1813; x_wconf 84' lang='lat' dir='ltr'>non</span> <span class='ocrx_word' id='word_1_106' title='bbox 468 1780 574 1830; x_wconf 83' lang='lat' dir='ltr'>tegeres,</span> <span class='ocrx_word' id='word_1_107' title='bbox 590 1767 683 1830; x_wconf 63' lang='lat' dir='ltr'>pedore</span> <span class='ocrx_word' id='word_1_108' title='bbox 695 1779 759 1813; x_wconf 86' lang='lat' dir='ltr'>tutus</span> <span class='ocrx_word' id='word_1_109' title='bbox 770 1781 829 1813; x_wconf 82' lang='lat' dir='ltr'>eras.</span> 
     </span>
     <span class='ocr_line' id='line_1_18' title="bbox 291 1839 792 1903; baseline 0.004 -15"><span class='ocrx_word' id='word_1_110' title='bbox 291 1839 345 1890; x_wconf 90' lang='lat' dir='ltr'>illic</span> <span class='ocrx_word' id='word_1_111' title='bbox 357 1858 383 1891; x_wconf 90' lang='lat' dir='ltr'>tu</span> <span class='ocrx_word' id='word_1_112' title='bbox 394 1843 487 1903; x_wconf 83' lang='lat' dir='ltr'>silices,</span> <span class='ocrx_word' id='word_1_113' title='bbox 503 1843 554 1892; x_wconf 86' lang='lat' dir='ltr'>illic</span> <span class='ocrx_word' id='word_1_114' title='bbox 566 1841 695 1892; x_wconf 75' lang='lat' dir='ltr'>adamanta</span> <span class='ocrx_word' id='word_1_115' title='bbox 706 1842 792 1892; x_wconf 89' lang='lat' dir='ltr'>tulisti:</span> 
     </span>
     <span class='ocr_line' id='line_1_19' title="bbox 244 1920 872 1989; baseline 0.002 -20"><span class='ocrx_word' id='word_1_116' title='bbox 244 1957 288 1989; x_wconf 63' lang='grc' dir='ltr'>ΗΟ</span> <span class='ocrx_word' id='word_1_117' title='bbox 323 1920 393 1980; x_wconf 89' lang='lat' dir='ltr'>Illic,</span> <span class='ocrx_word' id='word_1_118' title='bbox 403 1925 444 1988; x_wconf 91' lang='lat' dir='ltr'>qui</span> <span class='ocrx_word' id='word_1_119' title='bbox 454 1921 543 1981; x_wconf 84' lang='lat' dir='ltr'>silices,</span> <span class='ocrx_word' id='word_1_120' title='bbox 557 1921 666 1981; x_wconf 82' lang='lat' dir='ltr'>Thesea,</span> <span class='ocrx_word' id='word_1_121' title='bbox 683 1925 779 1979; x_wconf 84' lang='lat' dir='ltr'>vincat,</span> <span class='ocrx_word' id='word_1_122' title='bbox 792 1921 872 1970; x_wconf 82' lang='lat' dir='ltr'>habes.</span> 
     </span>
     <span class='ocr_line' id='line_1_20' title="bbox 289 1997 858 2067; baseline -0.005 -18"><span class='ocrx_word' id='word_1_123' title='bbox 289 1997 406 2049; x_wconf 76' lang='lat' dir='ltr'>Crudeles</span> <span class='ocrx_word' id='word_1_124' title='bbox 417 2002 510 2056; x_wconf 89' lang='lat' dir='ltr'>somni,</span> <span class='ocrx_word' id='word_1_125' title='bbox 522 2003 564 2067; x_wconf 92' lang='lat' dir='ltr'>qui</span> <span class='ocrx_word' id='word_1_126' title='bbox 575 2016 614 2048; x_wconf 90' lang='lat' dir='ltr'>me</span> <span class='ocrx_word' id='word_1_127' title='bbox 629 2000 733 2049; x_wconf 86' lang='lat' dir='ltr'>tenuistis</span> <span class='ocrx_word' id='word_1_128' title='bbox 744 2000 858 2047; x_wconf 82' lang='lat' dir='ltr'>inertem!</span> 
     </span>
     <span class='ocr_line' id='line_1_21' title="bbox 320 2075 806 2144; baseline -0.004 -17"><span class='ocrx_word' id='word_1_129' title='bbox 320 2079 352 2127; x_wconf 89' lang='lat' dir='ltr'>At</span> <span class='ocrx_word' id='word_1_130' title='bbox 363 2080 435 2128; x_wconf 82' lang='lat' dir='ltr'>semel</span> <span class='ocrx_word' id='word_1_131' title='bbox 446 2095 533 2130; x_wconf 82' lang='lat' dir='ltr'>aeretna</span> <span class='ocrx_word' id='word_1_132' title='bbox 545 2083 614 2128; x_wconf 62' lang='lat' dir='ltr'>nodie</span> <span class='ocrx_word' id='word_1_133' title='bbox 623 2075 752 2144; x_wconf 80' lang='lat' dir='ltr'>premenda</span> <span class='ocrx_word' id='word_1_134' title='bbox 763 2077 806 2126; x_wconf 86' lang='lat' dir='ltr'>fui.</span> 
     </span>
    </p>

    <p class='ocr_par' dir='ltr' id='par_1_3' title="bbox 239 2155 929 2391">
     <span class='ocr_line' id='line_1_22' title="bbox 287 2155 929 2223; baseline 0.002 -19"><span class='ocrx_word' id='word_1_135' title='bbox 287 2155 338 2205; x_wconf 86' lang='lat' dir='ltr'>Vos</span> <span class='ocrx_word' id='word_1_136' title='bbox 351 2174 462 2223; x_wconf 88' lang='lat' dir='ltr'>quoque,</span> <span class='ocrx_word' id='word_1_137' title='bbox 482 2156 589 2206; x_wconf 88' lang='lat' dir='ltr'>crudeles</span> <span class='ocrx_word' id='word_1_138' title='bbox 597 2160 664 2205; x_wconf 81' lang='lat' dir='ltr'>venti</span> <span class='ocrx_word' id='word_1_139' title='bbox 675 2159 825 2220; x_wconf 71' lang='lat' dir='ltr'>nimiumque</span> <span class='ocrx_word' id='word_1_140' title='bbox 836 2158 929 2219; x_wconf 80' lang='lat' dir='ltr'>parati,</span> 
     </span>
     <span class='ocr_line' id='line_1_23' title="bbox 317 2225 843 2300; baseline -0.002 -18"><span class='ocrx_word' id='word_1_141' title='bbox 317 2234 474 2300; x_wconf 75' lang='lat' dir='ltr'>Flaminaque</span> <span class='ocrx_word' id='word_1_142' title='bbox 490 2239 516 2285; x_wconf 86' lang='lat' dir='ltr'>iu</span> <span class='ocrx_word' id='word_1_143' title='bbox 525 2236 642 2298; x_wconf 80' lang='lat' dir='ltr'>lacrymas</span> <span class='ocrx_word' id='word_1_144' title='bbox 653 2225 759 2283; x_wconf 80' lang='lat' dir='ltr'>officiosa</span> <span class='ocrx_word' id='word_1_145' title='bbox 770 2250 843 2282; x_wconf 79' lang='lat' dir='ltr'>meas.</span> 
     </span>
     <span class='ocr_line' id='line_1_24' title="bbox 239 2309 921 2391; baseline 0.009 -33"><span class='ocrx_word' id='word_1_146' title='bbox 239 2309 388 2391; x_wconf 76' lang='lat' dir='ltr'>¹¹5Dextera</span> <span class='ocrx_word' id='word_1_147' title='bbox 398 2311 499 2362; x_wconf 85' lang='lat' dir='ltr'>crudelis</span> <span class='ocrx_word' id='word_1_148' title='bbox 512 2349 520 2374; x_wconf 92' lang='lat'>,</span> <span class='ocrx_word' id='word_1_149' title='bbox 538 2330 590 2379; x_wconf 83' lang='lat' dir='ltr'>quae</span> <span class='ocrx_word' id='word_1_150' title='bbox 601 2331 640 2362; x_wconf 88' lang='lat' dir='ltr'>me</span> <span class='ocrx_word' id='word_1_151' title='bbox 651 2313 797 2377; x_wconf 80' lang='lat' dir='ltr'>fratremque</span> <span class='ocrx_word' id='word_1_152' title='bbox 808 2315 921 2364; x_wconf 78' lang='lat' dir='ltr'>necavite</span> 
     </span>
    </p>

    <p class='ocr_par' dir='ltr' id='par_1_4' title="bbox 223 2387 967 3232">
     <span class='ocr_line' id='line_1_25' title="bbox 316 2387 967 2455; baseline 0 -17"><span class='ocrx_word' id='word_1_153' title='bbox 316 2388 347 2439; x_wconf 86' lang='lat' dir='ltr'>Et</span> <span class='ocrx_word' id='word_1_154' title='bbox 359 2389 414 2440; x_wconf 83' lang='lat' dir='ltr'>data</span> <span class='ocrx_word' id='word_1_155' title='bbox 423 2394 547 2455; x_wconf 87' lang='lat' dir='ltr'>poscenti,</span> <span class='ocrx_word' id='word_1_156' title='bbox 566 2407 655 2440; x_wconf 88' lang='lat' dir='ltr'>nomen</span> <span class='ocrx_word' id='word_1_157' title='bbox 670 2395 753 2450; x_wconf 80' lang='lat' dir='ltr'>inane,</span> <span class='ocrx_word' id='word_1_158' title='bbox 768 2387 836 2439; x_wconf 84' lang='lat' dir='ltr'>fides.</span> <span class='ocrx_word' id='word_1_159' title='bbox 894 2446 897 2452; x_wconf 20' lang='lat'>³</span> <span class='ocrx_word' id='word_1_160' title='bbox 959 2401 967 2416; x_wconf 73' lang='lat'><strong>⁹</strong></span> 
     </span>
     <span class='ocr_line' id='line_1_26' title="bbox 282 2467 913 2534; baseline 0.005 -19"><span class='ocrx_word' id='word_1_161' title='bbox 282 2467 310 2516; x_wconf 89' lang='lat' dir='ltr'>In</span> <span class='ocrx_word' id='word_1_162' title='bbox 327 2485 366 2517; x_wconf 86' lang='lat' dir='ltr'>me</span> <span class='ocrx_word' id='word_1_163' title='bbox 379 2473 488 2534; x_wconf 78' lang='lat' dir='ltr'>jurarunt</span> <span class='ocrx_word' id='word_1_164' title='bbox 496 2472 593 2519; x_wconf 81' lang='lat' dir='ltr'>somnus</span> <span class='ocrx_word' id='word_1_165' title='bbox 603 2506 611 2530; x_wconf 84' lang='lat'>‚</span> <span class='ocrx_word' id='word_1_166' title='bbox 621 2485 770 2534; x_wconf 85' lang='lat' dir='ltr'>ventusque,</span> <span class='ocrx_word' id='word_1_167' title='bbox 783 2467 899 2534; x_wconf 86' lang='lat' dir='ltr'>fidesque.</span> <span class='ocrx_word' id='word_1_168' title='bbox 911 2502 913 2508; x_wconf 91' lang='lat'>·</span> 
     </span>
     <span class='ocr_line' id='line_1_27' title="bbox 314 2545 815 2613; baseline 0.004 -19"><span class='ocrx_word' id='word_1_169' title='bbox 314 2545 412 2597; x_wconf 79' lang='lat' dir='ltr'>Prodita</span> <span class='ocrx_word' id='word_1_170' title='bbox 423 2550 476 2596; x_wconf 89' lang='lat' dir='ltr'>sum</span> <span class='ocrx_word' id='word_1_171' title='bbox 490 2552 565 2597; x_wconf 74' lang='lat' dir='ltr'>tausis</span> <span class='ocrx_word' id='word_1_172' title='bbox 579 2565 626 2598; x_wconf 78' lang='lat' dir='ltr'>una</span> <span class='ocrx_word' id='word_1_173' title='bbox 641 2547 721 2613; x_wconf 78' lang='lat' dir='ltr'>puelia</span> <span class='ocrx_word' id='word_1_174' title='bbox 731 2548 815 2596; x_wconf 80' lang='lat' dir='ltr'>tribus.</span> 
     </span>
     <span class='ocr_line' id='line_1_28' title="bbox 278 2614 921 2691; baseline 0.011 -20"><span class='ocrx_word' id='word_1_175' title='bbox 278 2614 343 2688; x_wconf 68' lang='lat' dir='ltr'>Ergo</span> <span class='ocrx_word' id='word_1_176' title='bbox 361 2642 405 2691; x_wconf 82' lang='lat' dir='ltr'>ego</span> <span class='ocrx_word' id='word_1_177' title='bbox 416 2643 466 2676; x_wconf 89' lang='lat' dir='ltr'>non</span> <span class='ocrx_word' id='word_1_178' title='bbox 473 2627 590 2690; x_wconf 76' lang='lat' dir='ltr'>lacrymas</span> <span class='ocrx_word' id='word_1_179' title='bbox 600 2630 681 2676; x_wconf 78' lang='lat' dir='ltr'>matris</span> <span class='ocrx_word' id='word_1_180' title='bbox 692 2629 808 2674; x_wconf 85' lang='lat' dir='ltr'>moritura</span> <span class='ocrx_word' id='word_1_181' title='bbox 817 2623 921 2678; x_wconf 80' lang='lat' dir='ltr'>videbot</span> 
     </span>
     <span class='ocr_line' id='line_1_29' title="bbox 232 2701 895 2771; baseline 0.002 -20"><span class='ocrx_word' id='word_1_182' title='bbox 232 2730 277 2764; x_wconf 74' lang='lat'>120</span> <span class='ocrx_word' id='word_1_183' title='bbox 312 2703 378 2764; x_wconf 86' lang='lat' dir='ltr'>Nec,</span> <span class='ocrx_word' id='word_1_184' title='bbox 391 2722 444 2754; x_wconf 80' lang='lat' dir='ltr'>mea</span> <span class='ocrx_word' id='word_1_185' title='bbox 455 2708 498 2771; x_wconf 90' lang='lat' dir='ltr'>qui</span> <span class='ocrx_word' id='word_1_186' title='bbox 508 2704 597 2770; x_wconf 86' lang='lat' dir='ltr'>digitus</span> <span class='ocrx_word' id='word_1_187' title='bbox 609 2705 702 2754; x_wconf 79' lang='lat' dir='ltr'>lumina</span> <span class='ocrx_word' id='word_1_188' title='bbox 716 2701 806 2752; x_wconf 83' lang='lat' dir='ltr'>condat</span> <span class='ocrx_word' id='word_1_189' title='bbox 816 2737 823 2761; x_wconf 94' lang='lat'>,</span> <span class='ocrx_word' id='word_1_190' title='bbox 835 2706 895 2752; x_wconf 74' lang='lat' dir='ltr'>etit?</span> 
     </span>
     <span class='ocr_line' id='line_1_30' title="bbox 276 2782 801 2849; baseline 0 -20"><span class='ocrx_word' id='word_1_191' title='bbox 276 2782 375 2846; x_wconf 84' lang='lat' dir='ltr'>Spiritus</span> <span class='ocrx_word' id='word_1_192' title='bbox 385 2784 468 2833; x_wconf 85' lang='lat' dir='ltr'>infelix</span> <span class='ocrx_word' id='word_1_193' title='bbox 479 2787 612 2849; x_wconf 74' lang='lat' dir='ltr'>peregrinas</span> <span class='ocrx_word' id='word_1_194' title='bbox 627 2786 672 2833; x_wconf 90' lang='lat' dir='ltr'>ibit</span> <span class='ocrx_word' id='word_1_195' title='bbox 682 2786 707 2831; x_wconf 88' lang='lat' dir='ltr'>in</span> <span class='ocrx_word' id='word_1_196' title='bbox 719 2798 785 2831; x_wconf 82' lang='lat' dir='ltr'>auras</span> <span class='ocrx_word' id='word_1_197' title='bbox 796 2801 801 2829; x_wconf 92' lang='lat'>:</span> 
     </span>
     <span class='ocr_line' id='line_1_31' title="bbox 307 2858 837 2925; baseline 0 -17"><span class='ocrx_word' id='word_1_198' title='bbox 307 2858 359 2908; x_wconf 92' lang='lat' dir='ltr'>Nec</span> <span class='ocrx_word' id='word_1_199' title='bbox 375 2864 465 2924; x_wconf 87' lang='lat' dir='ltr'>positos</span> <span class='ocrx_word' id='word_1_200' title='bbox 476 2876 540 2909; x_wconf 83' lang='lat' dir='ltr'>artus</span> <span class='ocrx_word' id='word_1_201' title='bbox 557 2877 631 2925; x_wconf 84' lang='lat' dir='ltr'>unget</span> <span class='ocrx_word' id='word_1_202' title='bbox 648 2863 724 2910; x_wconf 80' lang='lat' dir='ltr'>amira</span> <span class='ocrx_word' id='word_1_203' title='bbox 739 2863 837 2908; x_wconf 77' lang='lat' dir='ltr'>manus?</span> 
     </span>
     <span class='ocr_line' id='line_1_32' title="bbox 273 2933 883 3002; baseline 0.005 -17"><span class='ocrx_word' id='word_1_204' title='bbox 273 2933 330 2986; x_wconf 77' lang='lat' dir='ltr'>Oisa</span> <span class='ocrx_word' id='word_1_205' title='bbox 340 2937 503 3002; x_wconf 80' lang='lat' dir='ltr'>superstabunt</span> <span class='ocrx_word' id='word_1_206' title='bbox 512 2938 621 2987; x_wconf 85' lang='lat' dir='ltr'>volucres</span> <span class='ocrx_word' id='word_1_207' title='bbox 633 2940 756 2986; x_wconf 75' lang='lat' dir='ltr'>inhumata</span> <span class='ocrx_word' id='word_1_208' title='bbox 768 2942 883 2990; x_wconf 73' lang='lat' dir='ltr'>marinaei</span> 
     </span>
     <span class='ocr_line' id='line_1_33' title="bbox 303 3013 809 3081; baseline 0.006 -19"><span class='ocrx_word' id='word_1_209' title='bbox 303 3014 359 3063; x_wconf 82' lang='lat' dir='ltr'>Haec</span> <span class='ocrx_word' id='word_1_210' title='bbox 371 3017 425 3064; x_wconf 88' lang='lat' dir='ltr'>sunt</span> <span class='ocrx_word' id='word_1_211' title='bbox 434 3014 519 3066; x_wconf 86' lang='lat' dir='ltr'>officiis</span> <span class='ocrx_word' id='word_1_212' title='bbox 529 3013 602 3081; x_wconf 80' lang='lat' dir='ltr'>digna</span> <span class='ocrx_word' id='word_1_213' title='bbox 613 3017 718 3081; x_wconf 80' lang='lat' dir='ltr'>sepulcra</span> <span class='ocrx_word' id='word_1_214' title='bbox 729 3020 788 3066; x_wconf 83' lang='lat' dir='ltr'>meis</span> <span class='ocrx_word' id='word_1_215' title='bbox 800 3021 809 3065; x_wconf 71' lang='grc' dir='ltr'><strong>ἒ</strong></span> 
     </span>
     <span class='ocr_line' id='line_1_34' title="bbox 223 3092 844 3167; baseline 0.006 -26"><span class='ocrx_word' id='word_1_216' title='bbox 223 3092 317 3167; x_wconf 75' lang='lat' dir='ltr'>125Ibis</span> <span class='ocrx_word' id='word_1_217' title='bbox 327 3093 459 3159; x_wconf 87' lang='lat' dir='ltr'>Cetro&#39;pios</span> <span class='ocrx_word' id='word_1_218' title='bbox 470 3109 569 3159; x_wconf 79' lang='lat' dir='ltr'>portus3</span> <span class='ocrx_word' id='word_1_219' title='bbox 585 3098 708 3160; x_wconf 73' lang='lat' dir='ltr'>patriaque</span> <span class='ocrx_word' id='word_1_220' title='bbox 720 3111 844 3160; x_wconf 79' lang='lat' dir='ltr'>receptus,</span> 
     </span>
     <span class='ocr_line' id='line_1_35' title="bbox 300 3171 794 3232; baseline 0 -8"><span class='ocrx_word' id='word_1_221' title='bbox 300 3171 365 3224; x_wconf 84' lang='lat' dir='ltr'>Ctim</span> <span class='ocrx_word' id='word_1_222' title='bbox 376 3173 463 3223; x_wconf 78' lang='lat' dir='ltr'>steteris</span> <span class='ocrx_word' id='word_1_223' title='bbox 475 3174 537 3223; x_wconf 86' lang='lat' dir='ltr'>urbis</span> <span class='ocrx_word' id='word_1_224' title='bbox 547 3174 622 3224; x_wconf 84' lang='lat' dir='ltr'>celsus</span> <span class='ocrx_word' id='word_1_225' title='bbox 632 3177 657 3223; x_wconf 86' lang='lat' dir='ltr'>in</span> <span class='ocrx_word' id='word_1_226' title='bbox 668 3190 720 3225; x_wconf 80' lang='lat' dir='ltr'>arce</span> <span class='ocrx_word' id='word_1_227' title='bbox 732 3190 794 3232; x_wconf 65' lang='grc' dir='ltr'>πυτς</span> 
     </span>
    </p>
   </div>
   <div class='ocr_carea' id='block_1_3' title="bbox 0 0 1188 3992">
    <p class='ocr_par' dir='ltr' id='par_1_5' title="bbox 0 0 1188 3992">
     <span class='ocr_line' id='line_1_36' title="bbox 0 0 1188 3992; baseline 0 0"><span class='ocrx_word' id='word_1_228' title='bbox 0 0 1188 3992; x_wconf 95' lang='lat' dir='ltr'> </span> 
     </span>
    </p>
   </div>
  </div>
 </body>
</html>
