2367 3992
267 507 336 576 250
395 486 588 555 Orrorr
624 489 850 554 NAsole

265 608 384 658 Conscius
395 619 448 658 eece
459 607 518 659 duos
527 612 618 674 accepit
627 609 699 657 ledus
707 623 814 658 amantes
826 628 833 657 s

298 686 336 736 Ad
349 687 447 736 thalami
458 686 562 748 clausas,
573 689 643 736 Musa
653 687 730 737 resiste
743 687 815 736 fores.

217 768 355 832 7055ponre
366 765 421 820 sui,
432 769 482 815 sine
493 781 534 826 te,
550 766 703 815 celeberrima
710 767 783 813 verba
794 765 931 831 loquentur:

298 845 350 894 Nec
360 861 443 893 manus
454 848 479 893 in
490 845 551 894 lesio
560 845 619 893 laeva
625 844 713 909 iacebit
722 847 795 892 iners.

265 921 390 971 Invenient
401 920 488 986 digiti,
501 920 567 987 quod
579 937 650 986 agant
661 925 687 970 in
701 923 808 986 partibus
818 922 878 984 illis,

298 999 326 1046 ln
344 1000 429 1064 quibus
438 997 532 1048 occulte
544 998 634 1063 spicula
645 997 699 1063 figit
709 1000 795 1049 Amor.

265 1076 332 1124 Fecit
344 1079 369 1124 iu
384 1075 551 1126 Andromache
561 1080 625 1142 ptius
637 1079 684 1126 hoc
694 1077 837 1128 fortissimus
847 1080 940 1129 Hesrorc

217 1167 264 1210 710
298 1154 350 1204 Nec
368 1154 445 1204 solum
457 1154 527 1205 bellis
538 1156 603 1205 utilis
613 1151 654 1204 ille
666 1156 720 1206 suit.

264 1233 283 1282 1⁷
285 1237 331 1282 ecit
344 1237 405 1284 &in
420 1250 488 1300 capta
499 1233 627 1298 Lyrneside
638 1252 740 1301 maguus
754 1236 872 1296 Achilles,

298 1312 364 1364 clm
374 1329 492 1379 premeret
501 1313 602 1363 mollem
612 1311 682 1362 lall'us
692 1316 721 1362 ab
732 1315 799 1364 hoste
807 1330 894 1363 torum.

264 1391 316 1440 lllis
332 1408 356 1441 te
366 1395 431 1458 tangi
440 1393 562 1450 manibus,
573 1393 665 1452 Brise'i,
677 1393 785 1453 sinebas,

297 1471 398 1520 imbutae
417 1470 519 1536 Phrygia
529 1463 582 1536 qus:
592 1487 650 1519 nece
663 1472 754 1535 semper
766 1485 842 1521 erant.

217 1549 302 1605 715An
318 1548 365 1599 fuit
374 1552 421 1598 hoc
434 1551 527 1614 ipsum,
540 1547 607 1614 quod
620 1563 654 1599 te,
674 1547 776 1607 lasciva,
794 1551 898 1614 juvaret,

297 1624 335 1674 Ad
349 1641 389 1675 tua
398 1629 504 1676 vidrices
518 1628 625 1674 membra
634 1629 716 1676 venire
726 1643 810 1675 manus
821 1631 831 1676 Ξ

264 1700 344 1753 Crede
354 1706 427 1760 mihi,
438 1721 488 1754 non
502 1704 535 1753 est
546 1705 643 1753 Veneris
657 1703 806 1770 properanda
821 1706 942 1772 voluptate

297 1781 343 1833 Sed
362 1786 448 1833 sensim
459 1783 527 1834 tardi
538 1781 686 1848 prolicienda
696 1782 775 1832 mora.

265 1860 330 1913 Crlm
348 1862 402 1912 loca
415 1864 559 1928 reppereris,
571 1877 624 1928 quae
635 1865 699 1925 tangi
711 1860 801 1910 semina
813 1859 916 1928 gaudet,

216 1963 263 2005 720
297 1941 354 1990 Non
364 1941 457 2001 obstet,
474 1956 555 2006 tangas
569 1956 618 2007 quo
629 1942 707 1987 minus
715 1939 775 1998 illa,
784 1939 871 2004 pudor.

264 2021 367 2085 Aspicies
376 2021 459 2070 oculos
472 2019 575 2069 tremulo
586 2017 681 2082 fulgore
687 2020 808 2066 'micantes
820 2053 828 2078 ,

297 2098 332 2148 Ut
346 2099 381 2148 sol
392 2118 405 2149 a
415 2097 508 2164 liquida
516 2101 576 2162 saepe
586 2094 689 2159 refulg¹et
703 2096 775 2160 aqui.

263 2175 385 2226 Accedent
396 2177 488 2243 questus
500 2212 507 2234 ‚
529 2173 625 2225 accedet
637 2173 741 2222 amabile
750 2172 878 2233 murmbr,

296 2255 327 2303 Et
339 2253 419 2304 dulces
430 2258 546 2318 gemitus,
558 2267 661 2317 aptaque
670 2253 742 2300 verba
754 2256 820 2315 joco.

213 2331 309 2409 725Sed
321 2349 397 2398 neque
412 2349 436 2381 tu
448 2330 571 2381 dominam
583 2329 641 2379 velis
654 2332 786 2395 maioribus
796 2333 851 2379 usus
863 2330 866 2337 '

295 2410 383 2459 Desine
396 2443 403 2469 ,
415 2426 458 2459 nec
471 2411 551 2458 cursus
565 2408 697 2456 anteatilla
712 2423 775 2457 risos.

263 2488 400 2540 Admetum
413 2503 536 2554 properate
547 2487 617 2536 simul
631 2507 637 2534 ε
649 2503 700 2535 tum
714 2486 784 2552 plena
792 2488 927 2553 voluptas,

295 2567 361 2620 cum
379 2571 466 2633 pariter
479 2569 535 2618 visti
546 2566 635 2615 femina
645 2569 729 2630 virque
739 2569 827 2630 jacent.
842 2578 845 2582 ’

263 2647 309 2697 Hie
324 2649 368 2698 tibi
378 2644 503 2697 servandus
514 2661 582 2696 tenor
593 2646 641 2701 est,
652 2644 707 2694 erim
718 2643 791 2693 libers
803 2643 892 2694 &nrm

215 2749 262 2795 730
295 2726 369 2784 Otia,
389 2726 504 2775 furtivum
519 2741 562 2774 nec
578 2728 651 2774 timor
667 2738 735 2788 urget
746 2740 816 2786 opus.

263 2801 328 2852 Ctirn
343 2820 411 2851 nrora
421 2820 471 2852 non
482 2817 533 2852 tuta
546 2802 590 2856 est,
606 2805 663 2851 totis
676 2802 813 2850 incumbere
825 2805 902 2850 remis

292 2881 375 2940 Utile,
393 2886 418 2937 ὃς
431 2879 532 2930 admisso
544 2878 642 2929 subdere
653 2880 730 2929 calcar
741 2895 814 2944 equo.

261 2958 324 3006 Finis
340 2955 403 3005 adest
419 2961 500 3020 operi:
511 2957 617 3021 palmam
628 2956 698 3015 dore,
715 2971 781 3021 grata
790 2961 924 3023 inventust

293 3037 404 3099 Sertaque
419 3031 524 3101 odorata
537 3049 628 3094 myrtea
640 3033 700 3082 serre
711 3051 796 3083 comte.

212 3114 368 3183 735Quantrrs
386 3109 448 3177 apud
460 3110 556 3160 Danaos
568 3109 700 3160 Podalirius
711 3129 760 3160 arte
771 3109 906 3174 medendi,

295 3188 408 3242 AEscidess
417 3188 516 3252 dextri,
528 3192 622 3256 peslote
633 3190 717 3240 Nestor
729 3206 795 3248 etat,
