2367 3992
292 496 356 562 132
413 472 884 546 OvrnriArrouvrr

240 598 267 646 ²5
288 595 376 647 Cetera
390 598 443 664 quis
458 599 534 648 nescit
545 600 553 647 Ξ
565 598 619 646 lasti
629 601 788 665 requievimus
799 601 882 650 ambo.

319 675 464 726 Proveniant
477 674 552 725 medii
563 680 596 726 sic
608 678 669 726 mihi
678 679 737 743 saepe
751 676 811 727 dies.

310 782 995 856 mssffl‘efiaee'

429 911 716 976 ¹ELEGIA
756 914 834 975 VI.

289 1007 432 1134 Jaurro
441 1092 458 1125 ι
472 1073 634 1146 (indignum)
650 1077 709 1128 duri
720 1077 817 1144 religate
828 1076 928 1130 careni,

310 1153 454 1203 'Difficilem
467 1169 535 1204 moto
548 1154 645 1204 cardine
655 1153 732 1220 pande
746 1155 832 1205 forem.

291 1230 365 1292 Quod
375 1248 459 1297 precor
470 1237 582 1299 exiguum
595 1234 628 1283 est
639 1253 645 1282 r
658 1231 725 1283 aditu
737 1234 774 1283 fac
785 1238 857 1298 janua
871 1248 947 1298 parvo

325 1310 460 1378 Obliquum
470 1315 548 1377 capiat
559 1309 741 1376 semi-adaperta
753 1311 822 1361 latus.

262 1397 273 1447 5
293 1389 390 1456 Longus
402 1392 477 1441 Amor
492 1390 551 1440 tales.
560 1407 647 1456 corpus
657 1393 763 1439 tenuavit
774 1393 801 1439 in
809 1390 880 1448 usur,

325 1468 448 1535 Aptaque,
460 1466 574 1518 subdusto
585 1466 707 1533 pondere,
717 1469 825 1517 membra
836 1463 914 1516 dedit.

293 1545 339 1594 Ille
357 1563 399 1611 per
409 1547 518 1597 excubias
533 1545 658 1596 custodum
669 1546 754 1596 leniter
764 1549 798 1595 ire

275 1644 279 1650 ·
327 1623 445 1672 Monstrat
457 1642 463 1673 ε
475 1622 606 1673 inoffensos
617 1622 699 1690 dirigit
712 1625 754 1673 ille
768 1623 847 1690 pedes.

294 1702 326 1752 At
343 1699 467 1769 quondam
481 1706 576 1752 nostem
588 1702 760 1769 simulacraque
770 1719 831 1754 vana
842 1703 979 1754 timebama

249 1795 278 1828 to
327 1780 451 1842 Mirabar,
471 1782 573 1832 tenebris
584 1785 604 1830 si
615 1784 668 1847 quis
678 1783 817 1830 ituruserat.

296 1861 375 1919 Risit,
393 1875 420 1909 ut
430 1857 555 1920 audirem,
572 1860 653 1909 teneri
663 1877 719 1908 cum
729 1860 808 1908 Matre
820 1855 935 1923 Cupidor

329 1938 360 1987 Et
373 1937 470 1999 leviter,
483 1941 534 1988 Fies
546 1955 572 1988 tu
581 1956 678 2005 quoque
689 1938 776 1998 fortis,
793 1941 834 1986 ait.

297 2015 349 2066 Nec
359 2034 444 2076 mora,
455 2021 521 2069 venit
532 2035 609 2067 amor.
619 2017 677 2066 Non
688 2019 781 2066 umbras
792 2018 860 2065 nobie
875 2015 1006 2078 volantes,

331 2094 389 2144 Non
404 2098 478 2144 timeo
492 2095 579 2144 stristas
594 2099 619 2145 in
631 2113 684 2145 mea
701 2096 751 2145 fata
765 2111 858 2143 manus.

252 2173 280 2223 ¹5
299 2173 335 2222 Te
349 2173 453 2223 nimitim
464 2173 557 2223 lentum
568 2177 643 2222 timeo
652 2208 664 2232 ,
672 2171 835 2222 tibiblandior
846 2174 902 2221 uuir

332 2252 387 2310 Tu,
406 2268 444 2299 me
457 2267 506 2316 quo
520 2253 595 2315 possis
612 2249 725 2316 perdere,
739 2250 832 2299 fulmen
842 2251 924 2298 habes.

298 2330 400 2395 Aspice,
412 2329 422 2391 (
436 2331 460 2378 ὅ(
470 2362 478 2388 ,
491 2342 520 2377 ut
527 2326 608 2376 videas
617 2363 625 2387 ,
634 2321 739 2377 immitia
749 2326 848 2376 claustra
857 2328 938 2377 relaxa
947 2361 955 2389 ,
965 2327 977 2394 )

332 2404 388 2456 Uda
399 2409 429 2455 sit
439 2420 466 2455 ut
476 2405 590 2469 lacrymis
599 2410 670 2471 ianua
680 2405 741 2455 fabia
753 2409 823 2455 meis,

301 2484 374 2536 Certe
390 2502 455 2552 ego,
466 2485 522 2534 crim
532 2483 611 2551 positi
621 2485 690 2533 stares
698 2482 728 2533 ad
736 2486 832 2535 verbera
841 2485 922 2544 veste,

253 2568 284 2600 ²0
333 2562 371 2616 Ad
382 2562 506 2614 dominam
517 2581 561 2629 pro
573 2578 596 2612 te
605 2563 677 2615 verba
690 2577 806 2614 tremente
818 2563 872 2613 tuli.

302 2645 383 2710 Ergo,
401 2660 454 2710 qua
463 2643 540 2693 valuit
550 2659 594 2707 pro
606 2656 629 2690 te
639 2659 735 2708 quoque
744 2645 818 2707 gratia
829 2637 974 2707 quondam,

338 2724 348 2788 (
358 2723 411 2773 Heu
424 2722 529 2772 facinus!
542 2721 551 2788 )
563 2737 608 2786 pro
618 2738 657 2770 me
667 2736 731 2769 nunc
740 2718 855 2769 valetilla
865 2723 966 2785 parum?

303 2800 386 2852 Redde
402 2803 481 2853 vicem
496 2803 586 2850 meritis
600 2814 685 2864 rgrato
697 2797 753 2847 licet
769 2795 832 2856 effe,
843 2794 910 2863 quod
920 2811 1010 2860 optare

338 2879 459 2942 Tempora
476 2880 551 2927 nostis
565 2891 624 2927 eunt
636 2895 643 2925 ι
655 2891 737 2924 excute
747 2874 811 2939 poste
822 2876 906 2923 seram.

257 2955 285 3005 ²5
305 2958 394 3008 Excute
403 2957 451 3005 :sic
462 2970 577 3021 umquam
585 2954 659 3018 longi
668 2953 771 3002 relevere
781 2950 883 3012 centeni,

340 3031 391 3087 Nec
402 3035 446 3085 tibi
457 3030 571 3099 perpetub
583 3033 649 3081 serva
664 3032 757 3082 bibatur
767 3047 837 3098 aqua.

308 3117 403 3168 Ferreus
414 3128 523 3163 orantem
537 3115 710 3178 nequicquam,
724 3113 826 3175 ianitor,
840 3105 924 3157 audire
980 3173 987 3182 ι

341 3192 475 3246 Roboribus
492 3189 556 3244 duris
575 3194 647 3260 ianua
657 3189 719 3240 fulta
732 3191 802 3255 riget.
