2367 3992
323 438 590 507 Huuorurs.
613 436 688 501 Er.
715 435 759 511 V.
851 458 892 522 23

177 561 257 626 Turpe
267 555 433 609 rudimentum
443 560 524 623 patrie
536 573 672 622 preponere
683 571 783 620 raptum.

209 639 291 690 causa
302 635 415 704 pudenda
431 651 472 684 tua
488 635 533 693 est3
544 635 604 700 justa
610 638 647 683 vir
658 651 724 682 arma
734 647 825 682 movet.

179 717 228 767 Nec
239 719 300 775 tibi,
317 719 337 763 si
350 717 437 779 sapias,
450 712 523 762 fidam
535 716 649 777 promitte
660 713 802 772 Lnaenam,

212 797 273 856 Quae
284 796 351 843 sitin
362 792 484 858 amplexus
495 806 544 840 tam
555 789 605 839 cito
616 793 680 842 versa
691 804 754 839 tuos.
905 809 948 841 100

181 873 215 922 Ut
228 876 310 921 minor
320 869 415 921 Atrides
427 872 535 920 temerati
547 867 637 918 foedera
648 869 702 917 leui

161 937 164 940 ,
212 951 329 1010 Clamat,
346 954 372 999 &
389 964 487 997 externo
500 948 565 995 lesus
576 964 657 995 amore
668 945 752 1006 dolet3

183 1031 218 1080 Tu
230 1046 330 1096 quoque
341 1027 465 1077 clamabis.
474 1023 549 1074 Nulli
560 1024 695 1089 reparabilis
704 1039 754 1073 arte

211 1109 277 1158 Laesa
285 1104 402 1172 pudicitia
413 1104 445 1153 est
455 1123 461 1152 ε
472 1102 563 1168 deperit
574 1103 617 1153 illa
630 1103 712 1151 semel.

184 1184 255 1237 Ardet
270 1201 354 1233 amore
369 1185 405 1231 tui
413 1199 421 1241 3
437 1181 645 1230 sicuuienelaon
655 1184 756 1231 amavit:
872 1188 879 1207 ’
907 1200 949 1246 105

213 1263 358 1328 NuncJacet
368 1257 475 1310 inviduo
483 1257 592 1308 credulus
600 1259 641 1307 ille
651 1274 714 1311 toro.
888 1251 891 1257 ’

185 1341 249 1390 felix
260 1338 447 1397 Andromache,
459 1354 525 1386 certo
536 1339 596 1386 bene
605 1354 680 1402 nupta
691 1341 796 1389 marito!

215 1419 284 1468 Uxor
297 1416 330 1466 ad
340 1415 477 1482 exemplum
488 1415 566 1464 fratris
576 1414 686 1465 habenda
697 1416 741 1464 fui.

188 1498 223 1549 Tu
233 1499 312 1548 levior
327 1496 409 1555 foliis,
421 1510 477 1543 tunc
489 1493 560 1553 crim,
576 1497 626 1542 sine
635 1492 741 1559 pondere
752 1495 832 1556 succi,

216 1574 353 1624 Mobilibus
368 1575 445 1623 ventis
456 1570 521 1620 arida
534 1572 612 1631 fasta,
629 1572 721 1622 volant.
909 1605 954 1638 Η,

189 1655 217 1705 Et
229 1657 311 1702 miuus
323 1652 391 1701 estin
405 1667 442 1709 te,
459 1649 533 1715 quim
544 1649 638 1698 summi
648 1649 741 1715 pondus
752 1651 835 1713 aristi,

184 1744 186 1749 '
218 1731 278 1792 Quae
291 1731 351 1780 levis
365 1727 462 1786 assiduis
475 1728 563 1777 solibus
576 1729 624 1778 usta
635 1732 704 1794 riget.

190 1809 242 1860 Hoc
253 1824 309 1868 tua,
326 1825 383 1856 nam
394 1807 490 1866 recolo,
508 1805 633 1872 quondam
643 1825 756 1872 germana
766 1810 874 1861 canebat.

221 1889 259 1936 Sic
270 1887 334 1934 mihi
346 1883 437 1933 diffusis
448 1887 576 1934 vaticinata
586 1890 676 1933 cornis:

190 1963 255 2027 Quid
269 1965 328 2014 faeie
339 1999 347 2024 ‚
367 1964 457 2012 OEnone
468 1966 476 2011 ἓ
489 1961 548 2028 quid
558 1979 635 2012 arene
646 1964 736 2011 semina
746 1958 861 2012 ma'udasi
914 1982 956 2027 ¹¹5

220 2041 282 2094 Non
293 2041 433 2106 profesturis
446 2041 518 2089 litora
528 2041 604 2088 bobus
615 2057 674 2088 atas.

191 2123 371 2187 GraJajuvenca
379 2122 459 2178 versit,
469 2135 521 2184 quae
533 2133 556 2167 te
564 2153 572 2177 ‚
580 2122 740 2183 patriamque,
751 2117 909 2184 domumque,

223 2196 329 2247 Perdat:
342 2201 367 2246 io
379 2200 479 2262 prohibe
489 2215 496 2256 5
509 2197 581 2261 Graja
590 2201 771 2261 juveueaveuit.

192 2275 259 2325 Dum
273 2276 347 2336 licet,
359 2277 487 2325 obscenam
497 2291 588 2339 ponto,
607 2275 657 2335 Di,
671 2281 771 2342 mergite
786 2281 895 2344 puppim.

224 2354 297 2409 Heu}
311 2370 429 2419 quantum
445 2355 540 2418 Phrygii
556 2356 674 2418 sanguinis
685 2355 727 2404 iila
740 2358 821 2406 vehit!
917 2374 962 2406 120

193 2430 293 2486 Dixerat
306 2450 312 2479 :
324 2434 429 2480 incursu
441 2431 537 2480 famule
548 2448 644 2496 rapuere
656 2433 774 2483 furentem
785 2452 794 2495 3

225 2510 335 2559 Atvmihi
349 2509 461 2560 flaventes
472 2508 589 2575 diriguere
600 2528 685 2560 comae.

194 2588 247 2638 Ah!
260 2591 366 2636 nimium
374 2603 439 2638 vates
450 2590 541 2642 misere
552 2591 613 2637 mihi
623 2606 678 2638 vera
689 2589 761 2638 fuisti.

229 2663 341 2714 Possidet
353 2682 383 2713 eu
394 2664 465 2714 saltus
475 2666 517 2713 illa
528 2670 626 2729 juvenca
637 2684 712 2715 meos.
906 2724 909 2728 ¹

196 2745 230 2792 Sit
241 2743 303 2792 facie
312 2746 421 2808 quamvis
432 2746 543 2807 insignis,
558 2742 665 2792 adultera
675 2742 737 2792 cette
747 2744 794 2791 est:
921 2757 963 2803 125

162 2842 164 2846 ³
228 2819 343 2868 Desettiit
357 2822 449 2879 socios,
465 2822 557 2885 hospite
574 2836 655 2885 capta,
671 2821 744 2869 Deos.

196 2896 267 2949 illam
280 2893 314 2948 de
322 2895 400 2964 patrii
411 2899 532 2959 Theseus,
545 2902 591 2947 nisi
602 2902 702 2950 nomine
716 2899 803 2960 fallor,

231 2974 322 3024 Nescio
333 2978 386 3039 quis
397 2976 514 3033 Theseus,
526 2976 622 3027 abstulit
632 2994 686 3024 ante
697 2977 746 3026 suri.

198 3055 316 3120 Ajuvene
334 3056 358 3101 δι
371 3051 458 3117 cupido
470 3052 578 3104 credatur
589 3053 683 3104 reddita
693 3059 770 3120 virgo.

231 3128 306 3184 Unde
317 3133 365 3183 hoc
377 3136 535 3198 compererim
545 3148 596 3184 tam
606 3135 679 3197 bene,
691 3138 774 3202 queris
784 3139 793 3186 Ξ
804 3151 869 3187 amo.
922 3133 968 3180 ¹3⁰
