2367 3992
327 441 586 506 Hunorum.
610 433 684 500 Er.
712 403 803 501 XX.
861 456 925 501 111

208 559 255 611 Sed
264 577 342 627 neque
351 556 523 624 compedibus,
532 573 575 606 nec
585 573 625 605 rne
635 537 760 621 compesce
768 558 871 606 eatenis:
947 556 980 618 85

240 640 357 688 Servabor
369 636 441 685 firmo
451 639 542 685 vinstus
555 651 637 683 amore
649 637 693 682 tui.
877 641 879 644 '

206 717 230 766 C
233 717 274 766 tim
286 721 346 765 bene
356 718 379 764 se
389 751 396 775 ‚
408 729 571 780 quantumque
580 711 664 772 volet,
677 714 798 763 satiaverit
807 715 861 771 ira;

240 795 293 860 Ipsa
304 796 348 842 tibi
360 791 439 847 dices,
452 791 532 852 Qudm
543 794 660 857 patienter
670 791 749 841 amat!

205 874 257 938 ipsa
269 874 314 922 tibi
325 870 402 932 dices,
415 871 455 919 ubi
464 869 551 919 videris
561 873 645 918 omnia
655 869 715 918 ferre
724 886 732 928 3

240 952 303 999 Tam
315 951 375 998 bene
386 951 428 1014 qui
438 951 522 1008 servit,
538 950 625 998 serviat
634 947 675 996 iste
683 949 753 997 mihi.
946 966 982 1008 ,ο

204 1028 279 1078 Nunc
290 1045 343 1077 reus
353 1027 437 1076 infelix
450 1028 530 1075 absens
541 1043 600 1090 agor
611 1045 617 1074 ε
630 1030 655 1075 &
666 1045 720 1076 mea
731 1025 787 1074 cdm
798 1027 831 1075 sit

239 1107 340 1171 Optima
348 1122 417 1168 ‚non
431 1104 482 1153 ullo
493 1105 561 1153 causa
573 1119 654 1153 tuente
666 1108 735 1168 perit.

204 1183 260 1235 Hoc
271 1200 368 1250 quoque
375 1218 383 1242 ‚
390 1181 458 1248 quod
464 1187 500 1248 jus
508 1184 548 1237 est,
557 1185 586 1230 sit
594 1185 706 1247 scriptum
713 1180 798 1247 injuria
805 1182 925 1232 nostrum:

240 1262 314 1324 Quod
324 1261 354 1311 de
363 1278 403 1310 me
413 1261 465 1310 solo
478 1277 563 1324 nempe
571 1264 691 1326 queraris,
701 1261 781 1309 habet.

205 1341 265 1390 Non
276 1345 364 1390 meruit
377 1340 428 1390 falli
440 1357 535 1388 mecum
547 1327 644 1405 quoque
655 1339 825 1388 Deliaesinon
941 1353 971 1399 ,ς

166 1425 169 1429 ’
238 1419 282 1468 Vis
292 1421 353 1468 mihi
363 1416 505 1483 promissum
517 1415 632 1477 reddere,
644 1415 716 1466 redde
727 1417 795 1466 Deae.

203 1496 305 1558 Adfuit,
318 1501 343 1546 &
354 1496 433 1556 vidit,
445 1496 500 1545 crim
513 1512 538 1546 tu
550 1494 648 1560 decepta
655 1497 770 1544 rubebare

238 1575 270 1624 Et
279 1593 365 1626 vocem
376 1578 478 1624 memori
491 1572 602 1623 condidit
612 1591 666 1623 aure
677 1590 754 1623 tuam,

205 1653 296 1702 Omnia
305 1670 331 1702 re
342 1668 450 1702 careant:
459 1652 520 1701 nihil
530 1653 563 1700 est
571 1653 699 1701 violentius
708 1652 775 1708 illd,-

239 1732 306 1782 Cum
321 1734 375 1793 sua,
390 1731 457 1799 quod
472 1732 563 1792 nolim,
574 1719 678 1780 'numina
690 1733 744 1780 laesa
755 1731 831 1782 videt.
858 1772 861 1778 .
927 1743 972 1774 ¹00

204 1809 282 1859 Testis
292 1814 337 1860 erit
348 1808 482 1873 Calydonis
494 1827 561 1875 apert
571 1826 627 1858 nam
636 1811 721 1858 scimus
731 1844 739 1867 ,
748 1810 827 1859 utillo

237 1890 274 1936 Sit
284 1892 360 1953 magis
371 1892 396 1937 in
406 1904 490 1938 natum
501 1891 560 1938 saeva
569 1903 660 1953 reperta
671 1905 763 1952 parens.

203 1965 317 2014 Testis&
333 1967 441 2021 Adeon,
452 1965 575 2032 quondam
587 1966 637 2014 fera
646 1965 821 2027 creditusillis,

238 2043 290 2108 lpse
302 2042 369 2093 dedit
382 2045 431 2093 leto
444 2061 500 2093 cum
511 2046 597 2111 quibus
609 2060 663 2092 ante
675 2045 744 2108 ferat.

204 2119 312 2186 Quaeque
325 2124 423 2187 superba
432 2139 516 2187 parens
526 2158 533 2181 ,
548 2125 603 2172 saxo
614 2139 748 2189 percorpus
758 2125 846 2173 oborto
855 2131 875 2185 ,'
926 2130 936 2162 ¹
942 2129 971 2176 05

239 2199 310 2248 Nunc
324 2217 420 2266 quoque
431 2199 566 2267 Mygdonii
578 2192 664 2252 flebilie
681 2203 753 2252 exstat
763 2205 847 2253 humo.

204 2278 252 2328 Hei
264 2279 337 2329 milri!
352 2276 463 2344 Cydippe
474 2315 482 2339 ‚
493 2284 567 2330 timeo
578 2282 623 2330 tibi
633 2279 711 2330 dicere
721 2298 822 2342 verum
916 2273 919 2279 ’

239 2357 277 2406 Ne
289 2356 371 2407 videar
384 2358 453 2407 causd
464 2359 522 2408 falsa
532 2376 630 2408 monere
641 2358 710 2409 med:

204 2433 344 2485 Dicendum
355 2451 435 2485 tamen
443 2437 476 2486 est
485 2458 491 2487 :
499 2439 551 2488 Hoc
563 2439 609 2497 est,
618 2441 679 2488 mihi
689 2436 774 2498 crede,
785 2435 852 2504 quod
862 2453 922 2504 agra

239 2515 292 2577 Ipso
304 2511 411 2564 nubendi
425 2513 534 2580 ternpore
543 2520 603 2582 saepe
614 2521 685 2583 Jaces.
777 2577 781 2581 ,
927 2523 971 2556 ¹¹⁰

204 2591 321 2642 Consulit
330 2597 370 2658 ips
367 2612 380 2643 a
392 2596 435 2643 ribi
444 2613 450 2642 ε
459 2611 505 2643 neu
517 2599 546 2643 ris
557 2599 668 2660 perjura,
680 2595 790 2654 laborat3

239 2672 270 2720 Et
281 2672 372 2722 salvam
383 2672 447 2723 salvi
459 2687 482 2722 te
493 2677 559 2738 cupit
570 2671 616 2722 effe
629 2671 685 2722 fide.

205 2748 265 2800 Inde
279 2749 308 2800 fit
317 2786 324 2810 ,
334 2762 378 2810 ut,
391 2755 485 2816 quoties
496 2752 602 2800 exsistere
613 2749 703 2816 perfida
713 2766 790 2803 tentae
800 2785 809 2813 ,

237 2831 366 2879 Peccatum
385 2833 454 2880 toties
466 2833 569 2895 corrigat
580 2831 622 2878 illa
636 2845 714 2879 tuum.

205 2908 277 2956 Parce
290 2920 387 2957 mouere
403 2910 465 2958 feros
477 2911 589 2958 animose
601 2909 706 2974 Virginis
717 2927 798 2960 arcus:
926 2929 966 2972 ¹¹5

238 2986 307 3033 Mitis
318 2985 397 3036 adhuc
411 2985 478 3046 fieri,
493 2991 511 3036 si
522 2984 627 3052 patiare,
638 2989 722 3053 potest.

205 3062 278 3114 Parce
290 3057 389 3128 precer,
402 3080 494 3114 teneros
508 3083 658 3130 corrumpere
670 3068 774 3119 febribus
787 3083 866 3117 artus:

239 3143 349 3196 Servetur
359 3143 430 3195 facies
440 3145 482 3194 ista
493 3142 592 3195 fruenda
606 3146 676 3194 mihi.
