2367 3992
262 504 332 569 224
383 479 601 549 'Ovrnrr
636 470 869 549 NAsours

259 606 309 660 Ut,
326 602 442 671 quicquid
454 603 524 653 iacies
534 601 627 653 dicesve
638 603 770 668 proterritis
781 618 869 668 aequo,
894 632 897 641 ι

212 690 259 726 ⁶00
292 683 411 734 Credatur
421 686 525 731 nimium
536 686 605 732 causa
619 679 688 730 inille
700 698 803 730 merum.

259 761 308 822 Et,
319 762 381 810 Bene
390 796 398 820 ‚
407 759 461 815 dic.
475 758 594 818 dominu
606 760 743 819 Beue‚cum
751 755 961 826 quodotmistillar

292 838 339 889 Sed
352 839 414 888 male
426 842 456 887 sit
469 838 542 887 taciti
552 853 633 887 mente
647 855 741 902 precare
749 843 813 888 viro.

259 919 308 977 At,
325 934 380 966 curn
392 914 496 965 discedet
504 917 586 965 mensi
597 921 698 966 conviva
709 918 820 976 remotis

294 995 304 1059 (
316 995 368 1060 lpsa
379 996 422 1043 tibi
433 991 535 1043 accessus
547 995 615 1043 turba
628 995 759 1061 locumque
771 994 880 1063 debite)

147 1092 151 1101 ·
213 1074 337 1136 6051nsere
348 1089 371 1121 re
383 1075 459 1122 turbe
471 1091 477 1121 ε
490 1073 620 1141 leviterque
632 1072 743 1123 admotus
755 1077 840 1134 eunti,
853 1090 855 1094 ·

292 1150 361 1200 Velle
378 1150 439 1200 larus
450 1149 546 1216 digitis3
558 1156 582 1200 ὅ(
596 1151 655 1217 pede
667 1169 738 1218 range
749 1151 846 1218 pedem.

259 1228 395 1295 Colloquio
410 1233 459 1294 iarn
472 1245 565 1295 ternpus
575 1229 651 1280 adest:
662 1232 735 1296 fuge,
751 1230 834 1279 rustice
844 1228 914 1294 longe

292 1307 355 1357 Hinc
367 1305 461 1372 pudor:
471 1307 599 1358 audentem
610 1311 712 1375 forsque
724 1310 852 1374 Venusque
862 1313 947 1372 juvant·

260 1386 319 1436 Non
333 1401 373 1435 tua
384 1388 426 1435 sub
443 1387 532 1436 nostras
543 1391 625 1437 veniat
638 1385 749 1436 facundia
763 1386 836 1450 leges.

213 1478 260 1516 610
295 1467 340 1514 Fac
353 1465 446 1514 tannim
461 1467 572 1530 incipias,
585 1468 669 1532 sponte
682 1465 781 1516 disertus
792 1468 846 1514 eris.

259 1542 300 1591 Est
311 1546 355 1592 tibi
368 1542 471 1608 agendus
483 1560 580 1598 amans,
595 1542 758 1610 imitandaque
768 1543 868 1591 vulnera
874 1541 962 1608 verbis..

292 1619 357 1668 Hine
369 1623 414 1669 tibi
425 1636 543 1685 queratur
554 1622 662 1688 qualibet
673 1637 722 1671 srte
737 1621 805 1670 fides.

259 1696 312 1747 Nec
323 1695 387 1747 credi
397 1697 465 1747 labor
475 1701 508 1748 est
520 1717 528 1748 .·
541 1701 585 1748 sibi
598 1717 698 1767 queque
707 1699 803 1750 videtur
813 1696 924 1749 amanda.

293 1776 396 1825 Pessima
406 1781 453 1837 sit,
470 1778 531 1827 nulli
543 1795 591 1828 non
603 1781 642 1827 sna
653 1779 732 1828 forma
743 1779 831 1844 placet.

214 1852 229 1890 ⁶
233 1858 242 1891 ¹
249 1859 258 1905 5
262 1855 327 1919 Saepe
340 1870 421 1905 tamen
430 1855 484 1906 veri
495 1859 568 1921 coepit
580 1858 705 1905 simulator
715 1872 814 1905 amaret

189 1970 193 1976 .
294 1935 375 1999 Sepe,
388 1933 455 2000 quod
465 1938 579 1999 incipiens
590 1934 689 1984 finxerat
699 1931 762 1995 effe,
776 1935 831 1984 fuir.

261 2012 318 2073 Quo
329 2015 405 2076 magis
414 2011 446 2060 d!
460 2012 541 2062 faciles
552 2015 701 2062 imitantibus
709 2015 768 2071 este,
781 2012 878 2077 puellae.

295 2090 348 2138 Fiet
358 2107 426 2140 amor
435 2108 503 2140 verus
516 2127 524 2149 ‚
543 2095 585 2157 qui
597 2091 672 2140 modo
683 2091 754 2140 falsus
766 2107 825 2141 erat.

261 2165 387 2218 Blanditiis
402 2173 509 2218 animum
523 2168 762 2234 furnnsdeprendeee
772 2186 836 2218 nunc
847 2171 878 2220 sit
888 2189 896 2221 s

213 2244 261 2287 ‘20
294 2246 329 2294 Ut
340 2245 444 2311 pendens
456 2246 548 2312 liquidi
559 2252 609 2313 ripa
621 2249 711 2296 subitur
721 2248 791 2314 aqui.

261 2324 314 2376 Nec
327 2324 434 2383 faciem,
451 2339 529 2374 necte
545 2327 624 2390 pigeat
639 2324 735 2374 laudare
746 2325 866 2390 capillos5

293 2403 324 2452 Et
336 2417 419 2452 teretes
438 2401 546 2467 digitos,
563 2406 722 2469 exiguumque
736 2402 832 2468 pedem.

261 2481 467 2533 Deleersnreriam
478 2481 548 2530 castas
559 2484 677 2545 praeconia
689 2481 782 2532 formae.

294 2561 432 2625 Virginibus
450 2576 513 2608 curae
525 2574 638 2624 grataque
649 2559 727 2608 forma
738 2563 777 2608 sua
790 2559 831 2609 eil.

214 2644 229 2684 6
233 2638 326 2699 25Nam
341 2655 382 2688 cur
392 2641 419 2686 in
429 2638 537 2702 Phrygiis
545 2637 556 2684 J
559 2653 662 2685 ursonem
675 2640 699 2685 &
709 2634 806 2686 Pallada
817 2636 885 2688 silvis

294 2717 366 2765 Nunc
374 2731 472 2781 quoque
482 2713 598 2780 judicium
611 2730 661 2763 non
673 2712 773 2763 renuiffe
786 2712 861 2781 pudet
872 2718 883 2766 i

262 2791 380 2842 Laudatas
390 2795 492 2842 ostentat
503 2797 551 2842 avis
563 2794 665 2842 Junonia
676 2810 780 2857 pennas:

295 2873 319 2919 Si
330 2873 415 2919 tacitus
426 2872 528 2935 spelies,
543 2871 585 2921 illa
596 2869 706 2920 recondit
717 2888 783 2936 opes.

263 2944 433 3012 Quadrupedes
445 2982 452 3005 ,
467 2947 612 3012 interrapidi
623 2951 854 3013 certamina'cursds‚

216 3034 263 3080 ⁶30
295 3027 446 3091 Depexaeque
456 3026 531 3090 jubae,
543 3026 670 3091 plausaque
681 3029 761 3087 colla,
774 3035 865 3094 juvant.

264 3103 316 3154 Nec
331 3100 415 3151 timidi
431 3106 667 3168 promittertrahunt
682 3106 795 3172 promiss'a
804 3108 906 3176 puellas,
966 3135 968 3139 ·

297 3179 411 3236 Pollicito
428 3182 494 3233 testes
505 3184 627 3253 quoslibet
636 3183 697 3236 adde
707 3186 783 3238 Deos.
