2367 3992
263 457 329 522 170
386 401 904 499 ovantiAiuonust

209 569 242 617 40
292 557 323 605 Et
335 555 456 608 clamant,
467 552 574 612 Merito,
587 554 628 617 qui
640 549 715 601 niodo
727 569 831 616 cumque
843 550 934 603 vident.

259 636 304 685 Ista
315 633 355 685 sed
366 636 471 684 aetherias
479 633 606 682 vanescant
616 628 678 679 diua
686 647 727 694 pes
737 647 804 679 ausas
814 648 821 678 ι

292 715 323 764 Et
333 718 380 763 sint
390 713 510 762 ominibus
521 708 628 776 pondera
638 709 704 758 nulla
716 712 785 759 meis.

258 792 293 844 Di
302 794 383 842 faciles
395 827 403 853 ,
418 787 523 856 peccasse
535 788 608 837 semel
621 785 747 836 concedite
759 787 827 838 tutt'se

292 870 386 922 idfatis
397 871 444 920 est:
456 886 553 936 poenam
565 868 636 933 culpa
646 865 749 916 secunda
759 867 830 923 fetat.

282 987 968 1060 ςεε-ι-εεεαᾚβεΜ-ήψ,

431 1125 457 1184 E
478 1124 503 1182 L
524 1122 550 1183 E
572 1121 602 1184 G
623 1122 637 1182 I
658 1112 693 1184 A'
727 1122 757 1184 X
777 1125 818 1184 V.

261 1220 329 1342 Α
338 1305 353 1338 u
361 1305 376 1338 u
385 1303 402 1338 u
410 1305 423 1336 ι
430 1303 455 1345 s,
468 1285 580 1335 formosae
590 1283 694 1350 digitum
706 1287 812 1335 vinaure
822 1287 930 1352 puella,

293 1367 321 1416 ln
332 1384 381 1433 quo
397 1363 541 1415 tensendum
553 1362 605 1422 nil,
620 1366 665 1411 nisi
677 1363 755 1413 dantis
765 1382 852 1425 amot3

259 1446 351 1495 Munus
365 1462 402 1494 eas
416 1458 529 1508 gratum:
545 1458 567 1490 te
579 1441 634 1490 laeti
646 1458 726 1492 mente
741 1460 865 1510 receptum

294 1525 405 1571 Protinus
415 1519 521 1570 articulis
533 1518 617 1569 induat
627 1521 670 1568 illa
682 1523 738 1570 suis.

231 1609 242 1656 5
261 1603 323 1651 Tam
336 1603 395 1650 bene
407 1602 552 1657 convenias,
564 1597 639 1664 quim
651 1617 746 1648 mecum
755 1603 870 1652 convenit
880 1602 937 1654 illis

294 1680 325 1728 Et
340 1678 444 1744 digitum
457 1677 517 1743 justo
532 1677 677 1727 commodus
687 1680 745 1728 orbe
757 1696 826 1730 teras.

261 1760 342 1818 felix,
355 1775 368 1806 a
379 1755 478 1807 domina
489 1757 637 1815 tradideris,
651 1757 751 1817 annule,
763 1758 844 1808 nostri
857 1778 864 1808 s

296 1835 395 1887 Invideo
408 1835 477 1884 donis
494 1841 543 1901 jam
559 1837 629 1882 miser
644 1837 693 1900 ipse
706 1839 774 1885 meis.

263 1917 285 1966 O
298 1917 305 1965 l
325 1919 417 1964 utinam
430 1913 480 1963 fieti
492 1911 570 1962 subitd
589 1931 643 1962 mea
654 1931 752 1964 munera
764 1919 856 1981 possim

217 1994 245 2026 ¹⁰
296 1997 391 2045 Artibus
410 1993 492 2051 AEaeis,
505 1992 660 2057 Carpathiive
670 1994 742 2042 senis!

264 2075 334 2124 Tune
345 2090 390 2138 ego
407 2087 429 2120 te
441 2070 546 2120 dominae
558 2075 653 2135 cupiam
666 2070 768 2136 tetigisse
778 2075 897 2140 papillas,

297 2154 328 2201 Et
345 2152 429 2203 laevam
443 2154 527 2199 tunicis
542 2148 663 2199 inseruisse
677 2169 784 2201 manum.

264 2231 352 2280 Elabar
365 2229 459 2293 digito,
473 2231 581 2294 quamvis
592 2231 701 2294 angustus
714 2235 738 2279 &
750 2235 859 2294 haeteus;

298 2309 373 2373 Inque
385 2312 463 2356 sinum
474 2307 535 2355 miri
546 2308 612 2355 laxus
628 2311 657 2357 ab
666 2325 715 2358 arte
726 2309 822 2361 cadam.

221 2403 245 2451 15
265 2386 333 2436 ldens
351 2402 410 2451 ego,
423 2401 449 2434 ut
462 2403 556 2434 arcanas
568 2390 659 2450 possim
672 2391 763 2452 signate
775 2391 892 2455 tabellas,

299 2467 366 2516 Neve
379 2481 448 2515 tenax
459 2483 538 2514 ceram
554 2468 644 2515 siccave
656 2484 752 2531 gemma
762 2473 841 2520 trahat
848 2489 858 2531 3

267 2543 374 2596 Humida
386 2545 497 2595 formosae
508 2561 605 2609 tangam
617 2549 679 2611 ptius
691 2565 733 2596 ota
743 2550 840 2613 puellae.

301 2625 448 2675 Tantumne
463 2627 553 2689 signem
566 2627 651 2688 scripta
665 2623 769 2675 dolenda
780 2629 857 2680 mihi!

269 2707 293 2754 Si
309 2703 402 2764 dabor,
413 2719 439 2752 ut
453 2701 543 2752 condar
558 2703 643 2752 loculis
653 2722 660 2763 3
673 2708 735 2753 exite
746 2711 860 2772 negabo,

223 2805 254 2839 20
303 2783 437 2847 Asttiugens
449 2781 538 2846 digitos
550 2783 608 2830 orbe
621 2787 714 2832 minore
727 2798 790 2834 tuos.

271 2860 329 2911 Non
342 2878 387 2925 ego
398 2859 509 2909 dedecori
526 2862 569 2908 tibi
581 2865 640 2920 sim,
653 2880 706 2910 mea
716 2867 782 2927 vita,
796 2865 904 2931 futurus,
973 2853 977 2869 i

305 2937 408 2998 Quodve
421 2952 485 2985 tener
496 2937 584 3001 digitus
595 2938 656 2987 ferre
667 2944 773 3004 recuset,
785 2962 856 2998 onus,

273 3016 315 3066 Me
328 3031 399 3079 gere,
411 3014 466 3062 esim
478 3013 561 3064 calidis
572 3016 720 3080 perfunderis
730 3025 848 3076 imbribus
862 3045 944 3084 attuit

305 3093 447 3161 Damnaque
458 3095 500 3143 sub
510 3112 606 3162 gemma
613 3100 691 3166 pttfet
701 3109 779 3156 euntis
789 3125 869 3176 aquae.
