2367 3992
267 474 332 560 ¹93
381 468 858 539 OutnrrAuoaUar

299 595 402 659 Exiguus
420 607 501 644 tenero
517 591 553 643 lac
566 593 627 647 bibit
643 609 685 641 ore
701 608 768 656 puer.

264 675 354 739 Magna
370 672 427 723 fides
439 673 489 722 testi
499 691 504 720 ε
515 672 577 721 testis
588 669 698 720 laudatur
709 672 820 720 alumno.

217 778 244 824 25
297 750 416 803 faffuranr
432 751 545 802 Cererem
559 753 660 799 crimina
670 765 728 799 nota
739 765 808 815 puto.

264 829 363 880 Viderat
376 831 463 878 larium
475 829 570 879 cretea
581 829 646 878 Diva
655 830 698 877 sub
710 826 753 878 ida

295 911 419 974 figentem
430 906 494 958 certi
506 924 570 972 terga
581 907 657 957 ferina
668 925 752 958 manu.

262 985 347 1047 Vidit,
362 992 386 1037 &
405 1001 431 1036 ut
443 1002 529 1036 tenera
546 986 670 1036 flammam
688 1003 785 1051 rapuere
797 985 920 1038 medullae

295 1066 358 1115 Hinc
370 1065 461 1131 pudor,
472 1083 500 1114 ex
514 1066 634 1131 aliaparte
647 1067 756 1116 trahebat
766 1084 844 1117 amor.

215 1154 244 1199 30
261 1145 342 1195 Vibius
354 1161 436 1195 amore
446 1143 540 1211 pudor:
551 1145 628 1194 sulcos
639 1161 704 1194 arete
716 1143 824 1205 videres,

294 1224 325 1274 Et
341 1228 389 1274 iata
399 1242 455 1275 cum
465 1228 566 1274 minima
581 1239 647 1289 parte
664 1222 740 1274 redire
751 1226 795 1273 sui.

262 1301 329 1354 Ctim
346 1304 405 1354 bene
426 1306 505 1369 jastati
522 1302 643 1369 pulsarant
658 1319 714 1352 arva
728 1303 838 1368 ligonem

294 1383 398 1447 Ruperat
413 1386 437 1432 &
454 1381 538 1432 duram
550 1377 639 1434 vomer
646 1381 750 1434 aduncus
762 1386 882 1444 humum,

261 1462 403 1527 Seminaque
414 1465 439 1510 in
454 1461 514 1510 latos
528 1465 604 1511 ierant
614 1460 737 1527 aqualiter
748 1477 818 1526 agros
829 1480 837 1520 3

215 1549 241 1593 ῖς
295 1540 364 1589 Itrita
381 1539 475 1605 decepti
490 1555 548 1590 vota
565 1541 667 1590 colentis
681 1555 757 1590 erant.

260 1618 342 1677 Diva,
359 1634 442 1683 potens
457 1618 568 1685 frugum,
579 1618 645 1669 silvis
656 1616 759 1668 ceffabat
768 1621 794 1666 in
809 1616 863 1667 altis
875 1633 883 1667 a

292 1695 438 1747 Deciderant
453 1697 531 1762 ionga
542 1699 619 1764 spicea
633 1699 692 1746 setta
702 1713 787 1746 coma.

260 1775 316 1826 Sola
333 1775 379 1824 fuit
396 1774 469 1826 Crete
481 1774 585 1829 fecundo
598 1775 683 1826 fertilis
696 1792 769 1824 anno.
839 1825 842 1830 ,

293 1855 397 1910 Omnia,
413 1854 461 1921 qua
474 1855 559 1905 tulerat
569 1856 592 1904 se
603 1855 668 1910 Dea,
687 1856 768 1902 messis
782 1869 859 1918 crant.

209 1949 241 1992 40
258 1933 309 1999 Ipse
321 1935 388 1985 locus
404 1951 547 1994 nemorum,
567 1934 666 1984 canebat
684 1932 809 1997 frugibus,
827 1929 884 1992 lde,

291 2011 323 2063 Et
340 2012 403 2062 fetus
412 2016 438 2062 in
453 2012 512 2066 silva
523 2011 584 2063 farra
595 2012 701 2062 metebat
712 2027 777 2077 aper.

259 2092 359 2158 Optavit
374 2092 456 2141 Minus
470 2090 558 2140 similes
569 2093 614 2140 sibi
628 2089 712 2156 legifer
723 2105 815 2140 annos:

291 2170 391 2234 Optavit
406 2169 499 2220 Cereris
510 2169 597 2235 longus
609 2184 635 2219 ut
645 2166 703 2219 esset
714 2185 792 2218 arnor.

259 2245 332 2309 Quod
349 2250 394 2296 tibi
404 2249 521 2318 secubitus
532 2248 625 2305 tristes.
640 2248 693 2297 Dea
703 2246 783 2307 flava,
798 2244 916 2306 fuiffenta

209 2351 239 2394 4⁹
291 2327 344 2376 Hoc
361 2343 435 2392 cogor
447 2329 516 2376 sacris
530 2343 594 2388 nunc
606 2344 651 2392 ego
663 2327 723 2377 ferre
739 2331 796 2379 tuis.

258 2405 309 2456 Cur
320 2422 365 2471 ego
381 2407 432 2454 sum
444 2406 528 2462 tristis,
547 2405 603 2456 crim
612 2410 642 2456 sit
654 2408 697 2457 tibi
707 2422 764 2457 nata
774 2411 882 2479 reperta?

290 2485 436 2552 Regnaque,
451 2484 526 2551 quim
536 2486 617 2545 June,
630 2488 693 2536 sorte
705 2489 799 2536 minora
811 2491 897 2553 tegat?

257 2564 323 2624 Peste
340 2561 390 2612 dies
405 2565 560 2630 Vcneremq3
577 2580 665 2624 vocat,
684 2580 805 2631 cantusq3
821 2582 975 2638 metumquea

225 2643 232 2647 ’
290 2642 355 2710 Herc,
364 2639 433 2702 decet
444 2641 475 2700 ad
491 2641 605 2699 dominos
619 2661 719 2695 munera
736 2643 797 2694 ferte
809 2644 886 2701 Deos.

532 2907 702 2991 anea
