2367 3992
274 434 338 498 108
366 429 409 496 P.
444 414 623 496 Ourorr
650 430 873 496 NAsours

270 552 317 602 Hic
326 569 371 617 ego
380 553 490 602 ventosas
504 567 602 601 nantem
613 549 725 616 delphina
734 568 776 616 pet
786 549 861 600 undas

222 651 268 683 200
301 630 406 682 Cernere
418 647 469 680 non
483 629 556 681 dubii
569 632 623 679 sum
633 633 693 680 mihi
703 633 752 681 visa
764 628 827 680 fide:

270 710 366 770 Quem,
378 709 503 775 postquam
514 708 601 758 bibulis
611 709 680 758 illisit
690 708 773 758 flurlus
783 711 876 768 arenis,

300 786 373 838 Unda
387 787 458 837 simul
472 789 585 836 miserum
598 790 695 854 viteque
710 785 820 837 deseruit.

269 864 392 932 Quicquid
405 863 430 914 id
441 865 487 920 est,
499 869 574 914 timeo
586 882 646 915 :nec
657 880 684 914 tu
694 882 748 914 mea
759 867 851 914 somnia
857 863 909 915 tide
919 883 931 924 ς

302 946 354 996 Nec
363 947 409 994 nisi
423 944 556 1010 tranquillo
565 944 661 992 brachia
676 941 745 992 crede
755 946 826 992 mari.

221 1027 293 1074 205si
304 1026 348 1075 tibi
358 1040 407 1073 non
418 1026 507 1089 parcis,
519 1020 611 1072 dilen:
619 1037 688 1086 parce
698 1021 796 1086 puellae:

303 1102 362 1164 Quae
378 1116 525 1167 numquam,
538 1101 583 1148 uiri
596 1114 619 1148 te
630 1101 731 1164 sospite,
744 1100 822 1164 sospes
832 1103 889 1148 etit.

269 1183 324 1247 Sper
335 1194 415 1230 tamen
429 1180 462 1228 est
476 1178 554 1228 fraeiie
568 1182 653 1228 vicinae
665 1182 729 1243 pacis
740 1180 765 1226 in
775 1175 854 1226 undis.

301 1259 366 1308 Tum
379 1255 484 1323 placidas
494 1271 551 1306 tuto
559 1260 653 1322 pedore
662 1254 727 1305 finde
737 1260 797 1305 viae.

268 1337 376 1395 Interea,
393 1338 461 1385 nanti
471 1338 587 1401 quoniam
599 1334 660 1383 freta
669 1337 750 1399 pervia
757 1350 807 1383 non
816 1336 889 1395 sunt,

221 1421 268 1454 210
301 1416 385 1465 leniat
398 1415 484 1464 invisat
499 1413 567 1462 litera
581 1409 651 1462 milla
664 1429 752 1462 morae.

288 1521 969 1598 «ἕπε-ὑφῇ»

400 1602 722 1745 uuisioni
770 1649 853 1713 xx.

388 1779 609 1863 Acontius
656 1785 858 1847 Crotum.

269 1876 387 1995 Portu
401 1961 494 1997 metum
503 1965 510 1995 t
519 1944 578 1997 nihil
590 1944 631 1997 hic
642 1947 729 1996 iterum
738 1947 827 2012 jurabis
838 1947 939 1995 amanti.

299 2021 443 2077 Promissam
454 2026 508 2074 satis
520 2025 582 2074 estre
594 2024 666 2074 semel
677 2022 724 2074 effe
734 2028 804 2075 mihi.

267 2100 380 2166 Perleget
392 2099 498 2152 discedat
508 2107 540 2151 sic
552 2119 652 2167 corpore
665 2102 766 2167 languor
774 2105 803 2153 ab
811 2103 870 2164 isto,

300 2179 348 2240 Qui
362 2197 429 2229 meus
447 2181 493 2238 est,
510 2179 560 2229 uili
574 2195 642 2244 parte
658 2179 773 2242 dolente,
790 2180 871 2232 dolor.

237 2257 247 2303 5
268 2255 335 2316 Quid
343 2254 422 2322 pudor
432 2272 474 2307 ora
484 2258 563 2306 subit?
575 2274 631 2307 uam
641 2293 649 2315 ‚
659 2255 720 2309 licut
729 2263 755 2308 in
766 2257 818 2308 ade
828 2261 932 2322 Diana,

300 2335 410 2398 Suspicor
418 2337 531 2399 ingenuas
542 2331 658 2384 erubuiss‘e
669 2351 749 2399 genas.

267 2410 418 2477 ConJuglum
431 2415 571 2478 pallamque
583 2410 657 2462 fidem
665 2448 675 2474 ‚
689 2430 740 2463 non
749 2415 849 2464 crimina
863 2419 955 2480 poscor
1016 2447 1018 2451 ·

298 2491 403 2541 Debitus
411 2506 438 2541 ut
448 2496 553 2558 conjux,
561 2508 612 2545 non
623 2507 650 2542 ut
660 2490 769 2552 adulter,
780 2510 845 2543 arno.

267 2571 346 2621 Verba
358 2569 415 2621 lieet
425 2586 515 2636 repetat
526 2606 535 2630 ‚
546 2587 600 2637 quae
611 2568 707 2621 demtus
714 2572 744 2620 ab
754 2572 838 2620 arbore
849 2570 911 2621 letus

222 2661 251 2694 ιο
300 2649 402 2699 Pertulit
411 2648 442 2703 ad
451 2649 523 2704 talias
532 2685 541 2709 ,
551 2666 590 2699 me
601 2651 717 2715 jaciente,
728 2665 831 2709 manus3
906 2658 908 2661 ·

267 2728 374 2776 Invenies
384 2727 435 2780 illic
447 2725 475 2776 id
484 2742 507 2777 te
518 2725 649 2792 spondere,
661 2725 726 2794 quod
737 2742 798 2792 opto,

300 2805 336 2853 Te
347 2809 427 2869 potius
436 2840 443 2864 ,
453 2808 539 2869 virgo,
553 2805 627 2872 quim
639 2804 772 2860 meminiffe
783 2807 869 2857 Deam.

266 2880 970 2947 NuncquoqueidemtImeotsodidemtamenacrirlsillud

300 2957 415 3010 Affumsit
430 2964 490 3011 vires
503 2963 616 3026 nullaque
631 2958 728 3009 flamma
740 2961 808 3011 moti
819 2963 859 3011 est.

222 3051 247 3099 ¹5
269 3039 363 3104 Quique
379 3038 425 3088 fuit
437 3054 569 3103 numquam
579 3054 679 3103 parvus,
690 3055 753 3089 nunc
764 3056 872 3105 tempore
884 3041 962 3109 longo

301 3118 332 3170 Et
342 3118 398 3185 spe,
409 3133 481 3187 quam
492 3113 590 3169 dederas
602 3132 628 3168 tu
638 3119 716 3181 mihi,
727 3121 886 3171 crevitamor.
