2367 3992
266 473 337 551 '240
382 460 582 532 ovrnrr
624 462 858 531 Nasonis

266 585 381 651 Accipitri
399 582 494 634 timidas
509 581 584 633 credis
595 617 603 642 ,
615 581 719 641 firriose,
735 581 869 631 columbas.

299 664 399 712 Plenum
414 677 530 711 montano
541 659 617 710 credis
627 660 691 710 ovile
703 658 770 724 lupo.

219 741 308 794 365Nil
328 742 416 791 Helene
431 755 513 805 peccat
528 759 534 787 ε
545 739 581 790 nil
592 738 632 788 hic
643 740 778 789 committit
788 734 880 786 adulter
891 754 898 784 r

298 817 371 880 Quod
383 835 424 877 tu,
442 815 508 883 quod
522 817 611 867 laceret
620 816 737 883 quilibet,
755 815 798 868 ille
810 814 876 863 facit.

264 895 340 961 Cogis
355 894 515 952 adulterium,
532 892 614 944 dando
627 909 767 960 tempusque
779 893 921 958 locumque,

297 973 370 1034 Quo,
388 977 434 1022 nisi
448 972 550 1022 consilio
566 972 599 1020 est
610 974 651 1023 usa
664 972 746 1036 puella
756 973 815 1020 tuo?

264 1049 329 1111 Quid
342 1051 431 1100 faciat?
443 1053 479 1100 vir
489 1050 566 1105 abeli,
581 1052 605 1098 ὅ(
617 1047 681 1099 adest
695 1066 747 1099 non
759 1048 857 1099 rusticus
865 1048 949 1112 hospes:

218 1143 264 1189 37⁰
299 1128 327 1177 Et
338 1132 408 1178 timet
418 1132 443 1176 in
458 1145 534 1177 vacuo
545 1126 596 1175 sola
606 1129 692 1177 cubare
704 1143 769 1177 toro.
992 1130 994 1135 '

264 1204 359 1256 Viderit
373 1204 463 1258 Atrides
475 1224 482 1254 e
494 1204 602 1254 Helenen
616 1221 661 1269 ego
672 1208 773 1258 erimine
787 1204 866 1256 solvo.

296 1283 345 1334 Usa
355 1285 388 1334 est
399 1287 497 1336 humaui
507 1282 681 1334 commoditate
691 1287 745 1333 viri.

248 1419 250 1424 ¹
263 1361 310 1412 Sed
321 1380 398 1429 neque
408 1363 487 1413 fulvor
498 1379 553 1428 aper
564 1361 644 1412 medii
658 1377 706 1411 tarn
717 1363 792 1413 serus
801 1364 827 1411 iu
842 1359 893 1422 iri,

296 1441 423 1490 Fulmineo
434 1438 528 1490 rabidos
539 1440 595 1490 ctlrn
606 1454 670 1493 rotat
679 1456 720 1491 ore
730 1455 816 1492 cana:

218 1517 315 1582 372Net
327 1518 378 1577 lea,
390 1517 445 1566 edm
456 1519 539 1567 catulis
551 1517 691 1569 laetentibus
701 1519 774 1567 ubera
781 1518 882 1582 praebet:

296 1595 348 1643 Nec
363 1597 438 1644 brevis
452 1599 535 1660 ignaro
552 1599 634 1660 vipera
644 1595 698 1644 laesa
708 1592 781 1659 pede:

262 1671 361 1721 femina
373 1671 468 1737 quim,
484 1674 542 1721 socii
552 1670 667 1738 deprensi
677 1672 764 1746 pelljce
778 1672 850 1734 ledii,

296 1748 383 1808 Ardet,
399 1754 423 1800 dc
438 1753 464 1803 in
474 1749 543 1803 uultu
553 1753 653 1816 pignora
664 1753 751 1802 meniis
761 1752 844 1801 habet.

262 1827 291 1879 ln
302 1827 390 1878 ferrum
404 1827 556 1895 flammasque
572 1834 636 1879 ruit:
648 1832 775 1895 positoque
786 1827 873 1880 decore

216 1901 262 1964 380
295 1907 395 1968 Fertur,
407 1923 434 1957 ut
452 1909 522 1958 Aonii
533 1909 644 1958 cornibus
659 1911 705 1957 iiia
715 1907 771 1956 Dei.

262 1983 381 2050 Conjugis
396 1983 524 2036 admiffum
535 2021 543 2048 ,
558 1986 695 2052 violataque
706 1991 758 2051 jura
767 1990 879 2047 maritae,

293 2062 395 2112 Barbara
407 2081 449 2128 per
458 2080 527 2114 natos
539 2065 633 2115 Pharias
647 2065 697 2113 ulta
708 2066 772 2114 suos.

260 2139 342 2188 Altera
355 2139 405 2190 dna
416 2159 499 2206 parens
512 2145 577 2210 ¹hnc
591 2142 642 2201 est,
655 2159 727 2208 quam
740 2144 833 2198 cernis,
847 2135 965 2204 hirundo),

293 2218 376 2280 Aspice
389 2252 397 2277 ,
416 2222 535 2283 signatum
547 2222 659 2285 sanguine
669 2223 747 2288 pestus
758 2222 840 2269 habet.

215 2289 315 2352 385H0c
327 2295 385 2341 bene
396 2302 542 2359 compositos
554 2332 563 2356 ,
574 2299 622 2346 hoc
631 2296 714 2350 firuros
725 2297 798 2351 solvit
812 2314 917 2350 amores:

294 2368 403 2418 Crimina
415 2373 469 2422 sunt
477 2378 551 2422 cautis
561 2373 603 2423 ista
614 2373 720 2425 timenda
729 2378 796 2426 viris.

261 2446 311 2498 Nec
332 2464 385 2498 mea
400 2466 443 2499 vos
454 2456 494 2499 uni
506 2449 604 2500 damnat
614 2454 710 2501 censura
724 2453 820 2514 puella-

292 2522 326 2573 Di
335 2526 419 2572 melitis
432 2528 438 2572 l
453 2531 489 2571 vir
506 2533 552 2577 lroc
563 2546 638 2587 nupta
649 2544 727 2572 tenere
739 2522 826 2588 potest.

259 2601 346 2652 Ludite
358 2621 364 2650 z
376 2600 416 2651 sed
429 2601 493 2651 furto
507 2603 596 2653 celetur
608 2601 679 2665 eulpa
689 2599 798 2651 modesto
809 2618 817 2649 r

213 2697 259 2743 390
292 2681 375 2730 Gloria
391 2685 482 2746 peccati
493 2678 559 2731 nulla
569 2678 671 2743 petenda
682 2682 726 2728 sui.

260 2757 311 2806 Nec
323 2755 414 2813 dedens
430 2774 532 2814 munus,
547 2752 660 2820 copnolse
670 2755 738 2822 quod
745 2756 823 2823 altera
832 2760 923 2824 possiti

292 2833 343 2881 Nee
355 2838 402 2886 sint
411 2838 522 2900 nequitia
533 2843 642 2899 tempora
651 2850 714 2884 certa
722 2849 777 2886 tut.

218 2960 221 2965 ,
259 2908 310 2967 Et,
327 2926 356 2957 ne
369 2928 390 2958 te
402 2912 495 2960 latebras
511 2928 588 2975 cupiat
599 2917 643 2961 sibi
656 2918 743 2961 'remina
753 2916 835 2976 notis,

291 2979 352 3036 Non¹
359 3002 408 3034 uno
425 2988 458 3035 est
467 2993 545 3037 omnis
556 2991 719 3042 convenienda
728 2990 794 3042 loco.

213 3065 290 3121 395Et
301 3066 393 3133 quoties
407 3066 507 3122 scribes,
525 3082 585 3116 totus
597 3073 661 3133 prius
671 3074 719 3134 rple
732 3070 830 3120 tabellas

288 3142 382 3209 Inspice
395 3141 465 3211 :plus
478 3144 560 3197 multa
572 3182 581 3211 ,
592 3147 667 3218 quim
677 3150 722 3198 tibi
738 3146 828 3213 mitia,
844 3148 935 3217 legunt.

909 3226 967 3277 Lala
