2367 3992
311 493 358 573 76
417 484 460 554 P.
483 482 925 554 ovrurrNAsoms

329 620 1014 695 c--ssQ--mf'

459 749 740 812 EPISTOLA
779 747 875 811 XVI.

397 870 408 885 ⁹
472 881 602 943 Parere
645 882 848 941 Herm.

303 973 431 1093 Hauc
442 1043 487 1091 tibi
498 1040 628 1092 Priamides
638 1044 727 1100 mitto,
740 1039 838 1101 Leda,
851 1041 970 1105 salutem,
1011 1061 1014 1069 ·

282 1137 285 1143 ·
336 1120 395 1181 Quae
406 1121 494 1180 tribui,
509 1122 560 1171 soli
576 1137 599 1172 te
611 1125 671 1171 mihi
685 1119 772 1182 dante,
786 1122 871 1188 potest.

300 1197 424 1264 Eloquar?
438 1199 577 1250 auliammae
589 1217 639 1250 non
649 1200 682 1248 est
692 1217 751 1266 opus
764 1198 843 1249 iudice
853 1214 918 1250 notre
927 1218 936 1260 3

331 1276 363 1324 Et
372 1277 441 1341 plus,
458 1279 533 1344 quim
540 1277 646 1338 vellem,
658 1283 707 1343 jam
716 1295 782 1327 meus
793 1279 865 1328 exstat
873 1283 959 1328 amor?

235 1348 237 1358 '
268 1371 279 1418 5
298 1352 343 1403 ille
354 1354 452 1421 quidem
462 1358 546 1406 malim
559 1357 648 1415 lateat,
658 1354 717 1405 dum
728 1372 836 1422 tempora
848 1355 935 1407 deutur

329 1434 429 1484 Laetitiae
442 1438 529 1484 mixtos
537 1451 587 1483 non
598 1435 708 1483 habitura
717 1450 804 1485 metus.

296 1509 343 1560 Sed
353 1512 416 1561 male
427 1510 552 1561 dissimulo
564 1531 570 1560 ι
582 1514 635 1578 quis
646 1515 709 1560 enim
721 1512 833 1562 celaverit
843 1516 924 1581 ignem
935 1550 944 1576 ‚

328 1588 430 1637 Lumine
440 1593 482 1654 qui
493 1592 584 1655 semper
595 1588 704 1654 proditur
715 1593 764 1655 ipse
777 1593 819 1640 suo
831 1595 840 1640 Ξ

295 1665 319 1715 si
330 1681 410 1715 tamen
422 1669 553 1732 exspestas,
565 1684 651 1718 vocem
662 1684 758 1734 quoque
766 1670 834 1719 rebus
846 1685 872 1719 ut
882 1668 987 1733 addam,

248 1774 279 1806 χο
327 1744 391 1794 Uror
400 1764 406 1794 r
419 1747 490 1796 habes
500 1749 574 1797 animi
584 1749 672 1796 nuncia
679 1747 751 1796 verba
761 1751 817 1796 mei.

294 1824 382 1885 Parce,
394 1817 495 1890 precur,
508 1823 567 1875 falso
575 1845 581 1874 ι
590 1842 633 1874 nec
643 1825 713 1876 vultu
724 1824 871 1894 ceteralduro

327 1903 441 1968 Perlege,
452 1902 494 1953 sed
502 1904 585 1953 formae
597 1907 752 1959 conveniente
765 1919 819 1953 tuae.

293 1978 440 2031 iamdudum
450 1998 545 2048 gratum
556 1982 603 2041 est,
615 1979 682 2048 quod
695 1981 792 2047 epistola
803 1983 881 2031 nostra
889 1998 983 2050 recepta

326 2060 397 2123 Spem
409 2061 483 2119 facit,
496 2062 542 2109 hoc
552 2062 627 2124 recipi
638 2076 676 2107 me
687 2076 783 2125 quoque
793 2057 859 2126 polle
866 2059 953 2112 modo.

246 2150 274 2198 15
294 2135 352 2196 Quae
363 2152 413 2186 rata
424 2140 487 2196 sint,
496 2153 526 2186 ue
534 2151 557 2187 te
568 2135 651 2185 frustra
662 2139 813 2201 promiserit,
825 2154 901 2202 opto,

325 2215 379 2264 Hoc
389 2217 450 2263 mihi
462 2229 515 2279 quae
526 2215 598 2261 suasit
608 2228 684 2261 mater
694 2215 787 2263 Amoris
799 2220 851 2265 iter.

291 2291 404 2357 Namque
415 2307 459 2354 ego
470 2289 553 2340 divino
565 2293 677 2349 monitu,
693 2307 723 2338 ne
736 2293 814 2340 nescia
824 2311 924 2356 pecces,

324 2367 450 2419 Advehor:
463 2371 487 2417 δι
501 2383 581 2432 coepto
594 2383 643 2415 nou
656 2367 707 2416 leve
718 2385 807 2417 numen
819 2369 890 2420 adest,

291 2449 391 2498 Praemia
401 2450 488 2515 magua
500 2443 616 2512 quidem,
627 2442 668 2493 sed
679 2462 728 2494 non
737 2444 844 2497 indebita
854 2454 942 2514 posco:

244 2542 275 2574 20
323 2526 436 2577 Pollicita
451 2523 483 2580 est
493 2523 600 2577 thalamo
609 2537 631 2570 te
643 2521 763 2584 cytherea
773 2543 837 2575 meo.

218 2653 222 2659 ,
291 2606 343 2656 Hac
354 2603 430 2673 duce,
444 2604 521 2667 Sigaeo
533 2599 615 2650 dubias
630 2618 644 2649 a
656 2601 726 2650 litore
737 2602 784 2657 feci

323 2685 407 2748 Longa
417 2678 543 2731 Phereclei
554 2695 594 2742 per
605 2678 665 2728 freta
672 2697 751 2746 puppe
761 2686 819 2734 viar.

290 2761 335 2812 Illa
344 2759 412 2810 dedit
421 2757 502 2808 faciles
517 2774 596 2812 auras,
611 2774 743 2825 ventosque
755 2763 869 2815 secundos
878 2785 885 2816 r

322 2841 349 2889 lu
360 2856 424 2888 mare
434 2841 549 2888 nimirum
560 2839 596 2899 jus
607 2838 679 2886 habet
688 2854 741 2887 orta
749 2846 818 2892 mari.

242 2940 271 2988 ²5
289 2917 377 2968 Perstet
389 2935 395 2964 ι
407 2919 449 2973 δι,
463 2928 489 2961 ut
500 2912 597 2976 pelagis·
611 2916 644 2961 sic
656 2911 756 2978 p'eiioris
766 2918 861 2985 adjuret
869 2924 947 2977 aestum
961 2947 969 2982 r

321 2995 421 3045 Deferat
433 2995 457 3041 in
467 3005 549 3055 postus
561 2994 584 3039 &
596 3007 649 3039 mea
660 3008 717 3042 vota
729 2996 790 3046 suos.

291 3062 421 3127 Attulimus
432 3068 556 3126 flammas,
567 3085 617 3117 non
627 3068 667 3117 hic
678 3073 812 3126 invenimus
823 3080 887 3132 illes:

323 3151 366 3202 ile
377 3150 438 3202 mihi
448 3163 497 3218 tam
508 3146 584 3212 longe
595 3149 663 3198 causa
675 3149 739 3199 fuire
750 3155 802 3204 viae.
