2367 3992
266 622 311 688 86
371 619 415 688 P.
443 619 627 686 Ovium
649 621 878 686 NAsonrs

215 744 335 797 335D0na
345 759 410 809 patet
418 742 566 807 fratresque,
579 746 603 790 δι
616 758 671 791 cum
682 746 795 807 genitrice
804 745 913 802 sorores,
927 783 932 791 .

295 822 427 888 Iliadesque
441 838 537 879 omnes,
556 836 654 886 toraque
669 822 760 884 Troia,
779 811 879 870 dabunt.

262 900 309 950 Hei
325 904 385 949 mihi
397 901 403 949 l
415 917 466 965 pars
477 917 538 948 ame
548 902 587 948 vix
599 898 685 948 dieitur
697 901 745 949 ulla
756 900 839 948 futuri.

295 979 365 1029 Plura
380 980 454 1038 feres,
468 978 541 1043 quaint
553 994 606 1043 quae
618 978 685 1026 litera
696 978 773 1027 nostra
782 976 863 1026 refert.

262 1057 314 1106 Nec
330 1073 355 1107 tu
366 1073 432 1121 rapta
443 1060 502 1106 time
513 1091 520 1116 ‚
532 1073 561 1104 ne
573 1072 616 1103 nos
628 1057 677 1104 fera
688 1057 751 1105 bella
760 1059 901 1121 sequantur,

217 1143 263 1191 340
296 1133 411 1184 Concitet
430 1139 454 1183 bc
471 1137 532 1184 vires
549 1136 640 1183 Graecia
653 1152 740 1199 magna
754 1137 813 1184 suas.

263 1214 312 1262 Tot
323 1211 386 1277 priris
397 1213 517 1272 abdustis,
532 1229 613 1278 ecquae
624 1217 722 1278 repetita
733 1230 774 1278 per
785 1230 850 1263 arma
860 1212 912 1262 est?

296 1290 375 1340 Crede
387 1294 462 1352 mihi,
475 1309 548 1343 vanos
566 1308 602 1338 res
613 1293 684 1340 habet
693 1293 735 1340 isia
746 1307 831 1346 metus.

262 1370 368 1420 Nomine
386 1385 499 1436 ceperunt
517 1371 642 1436 Aquilonis
658 1368 785 1420 Erecthida
804 1370 920 1419 Thraces:

294 1452 325 1500 Et
337 1466 387 1500 tuta
397 1469 409 1499 a
421 1451 486 1500 bello
498 1450 599 1499 Bistonis
610 1466 652 1498 ora
663 1449 718 1497 fuit.

214 1527 361 1596 345Phasida
365 1546 443 1595 puppe
450 1528 514 1578 novi
526 1532 591 1579 vexit
600 1529 718 1593 Pagasaeus
729 1527 814 1576 Iason:

295 1608 359 1656 Laest
369 1625 412 1656 nec
427 1608 459 1656 est
469 1606 565 1657 colcha
573 1603 684 1655 Thessala
695 1622 756 1654 terra
766 1621 847 1654 manu.

262 1687 298 1734 Te
314 1703 411 1752 quoque
421 1689 462 1751 qui
473 1688 568 1750 rapuit,
579 1687 657 1749 rapuit
667 1684 780 1733 Minoida
791 1684 894 1732 Theseus
906 1699 914 1730 t

224 1799 225 1802 η
290 1763 369 1812 Nulla
380 1779 459 1813 tamen
468 1765 549 1814 Minos
561 1763 645 1822 Cretas
657 1762 687 1813 ad
698 1780 764 1812 arma
774 1776 855 1812 vocat.

262 1843 349 1891 Terror
360 1845 386 1891 in
401 1845 436 1890 his
447 1844 498 1907 ipso
509 1846 586 1907 major
598 1841 658 1890 solet
671 1839 717 1890 esse
728 1841 832 1906 periclo:

216 1939 261 1989 350
294 1920 400 1986 Quaeque
410 1925 493 1969 timere
502 1917 577 1980 libet,
595 1919 740 1985 pertimuisse
756 1917 838 1985 pudet.

262 1999 335 2062 Finge
349 2014 446 2059 tamen,
458 2003 477 2048 si
490 2002 540 2058 vit,
552 2002 634 2064 ingens
646 2001 786 2064 consurgere
798 1997 905 2046 bellurn:

295 2077 325 2125 Et
340 2080 401 2126 mihi
411 2080 466 2127 sunt
475 2080 550 2136 vires,
563 2082 587 2128 &
598 2094 650 2127 mea
661 2078 708 2127 tela
718 2092 817 2127 nocent.

262 2153 314 2203 Nec
326 2159 405 2204 minor
417 2156 450 2204 est
459 2158 535 2210 Asiae,
547 2155 621 2222 qudm
631 2157 713 2205 vestrae
721 2159 791 2221 copia
803 2170 882 2204 terrae:

295 2231 340 2280 Illa
351 2235 405 2282 vitis
417 2233 500 2293 dives,
513 2233 578 2284 dives
594 2233 700 2283 abundat
710 2238 785 2300 equis.

215 2308 315 2372 355Nee
326 2311 378 2375 plus
393 2311 486 2361 Atrides
498 2315 572 2360 anirni
588 2313 711 2361 Menelaiis
720 2313 836 2371 habebit,

296 2389 376 2448 Qudm
389 2391 452 2437 Paris
463 2407 470 2447 3
483 2404 523 2437 aut
534 2392 604 2436 armis
617 2388 782 2438 anteferendus
795 2394 848 2438 etit.

164 2526 167 2531 1
260 2465 329 2514 Paene
339 2481 397 2529 puer
408 2469 472 2513 eaesis
481 2464 580 2515 abdttsia
591 2481 697 2514 armenta
708 2469 785 2531 recepi

293 2542 404 2591 Hostibus
417 2560 425 2599 3
438 2547 461 2591 &
473 2545 568 2592 causam
578 2547 683 2593 nominis
694 2542 749 2593 inde
762 2543 815 2593 tuli.

208 2632 213 2642 ·
261 2620 329 2669 Paene
341 2637 397 2684 puer
407 2624 475 2669 vario
481 2624 576 2686 juvenes
587 2625 717 2670 certamine
726 2624 792 2681 vici,

216 2700 262 2751 360
296 2697 323 2747 ln
334 2700 419 2764 quibus
431 2699 551 2759 Ilioneus,
563 2699 750 2767 Deiphobusque
761 2699 815 2749 fuit.

262 2777 330 2826 Neve
340 2794 422 2842 putes,
434 2794 482 2827 non
494 2796 532 2827 me
544 2781 588 2827 nisi
600 2781 709 2828 cominus
720 2777 767 2829 effe
784 2777 935 2830 timendum:

295 2858 387 2921 Figitur
399 2861 424 2907 in
435 2854 496 2923 jusso
507 2857 585 2906 nostra
599 2860 684 2922 sagitta
696 2858 760 2908 loco.

262 2935 329 2984 Num
340 2951 408 3001 potes
418 2940 468 2986 haec
480 2936 517 3008 illi
532 2939 616 3001 primae
625 2935 679 2986 dare
692 2938 751 2987 facia
761 2942 881 3004 Juventae?
929 2929 935 2944 ⁸

294 3014 408 3065 Instruere
419 3013 518 3064 Atriden
533 3031 592 3064 nunt
605 3031 673 3080 potes
688 3031 737 3066 arte
748 3016 820 3065 mci?

216 3091 353 3153 3650mnia
363 3096 383 3142 si
395 3091 501 3153 dederis,
512 3092 631 3159 numquid
642 3092 708 3143 dabis
718 3089 818 3145 Hesio'ra
830 3096 926 3147 fratrem
938 3100 949 3147 ἓ

298 3171 363 3220 Unus
373 3174 392 3219 is
403 3172 523 3220 innumeri
535 3171 621 3220 militis
630 3171 701 3220 instet
711 3174 792 3223 habet.

265 3247 331 3312 Quid
343 3247 458 3309 taleam,
470 3250 559 3300 nescis:
571 3253 596 3300 δι
609 3264 632 3299 te
645 3266 698 3299 mea
711 3254 798 3304 robora
812 3251 907 3302 fallunt.

297 3328 411 3394 ignorat,
431 3329 470 3378 eni
483 3329 513 3379 tis
523 3342 598 3396 nupta
609 3328 689 3382 sutura
698 3333 763 3382 viro.
