2367 3992
314 458 576 529 Hau-ornus.
601 452 674 518 Er.
699 453 796 520 XIX.
840 471 902 539 105

186 576 226 629 Ne
237 590 287 626 non
297 579 344 626 sim
355 577 430 636 tanti,
440 576 598 641 superentque
610 571 715 639 pericula
725 574 836 623 causum
906 628 909 634 ,

219 655 251 704 Et
265 653 349 705 videar
360 670 450 703 merces
466 651 512 703 effe
523 653 606 702 labore
615 656 704 702 minor.

183 731 311 793 Interdum
322 747 422 792 metuo,
433 731 510 798 patrii
521 748 551 781 ne
561 729 652 791 laedar,
664 735 689 781 δι
700 733 780 796 impar

216 811 299 861 Ducar
309 808 428 872 Abydeno
440 805 538 860 Thressa
545 809 626 874 puella
638 824 700 860 toro.
913 823 957 857 100

183 891 203 940 f
204 907 255 939 erre
269 903 352 939 tamen
362 884 457 953 possum
467 887 596 953 patientiis
605 891 706 948 omnia,
720 877 796 953 qulm
807 887 827 935 si

220 967 296 1026 Otia,
314 965 455 1032 nescioqui
471 966 556 1031 pellice
567 981 666 1032 captus,
685 981 739 1030 agas
752 983 760 1014 t

185 1043 215 1093 ln
229 1059 270 1093 tua
280 1047 300 1093 si
313 1047 412 1102 veniant
422 1043 493 1094 alieni
505 1044 570 1094 colla
581 1043 682 1103 lacerti,

219 1125 303 1189 Sitque
315 1138 392 1172 novus
407 1122 480 1172 nostri
491 1121 644 1180 finisamoris
656 1139 733 1172 amor.

186 1201 241 1251 Ah!
261 1203 342 1266 potius
353 1217 466 1266 peream,
482 1199 558 1266 quim
569 1201 668 1250 crimine
679 1199 788 1250 vulnerer
796 1199 857 1251 isto!
911 1228 953 1273 ¹05

220 1279 325 1345 Fataque
339 1281 387 1327 sint
397 1276 469 1341 culpi
478 1278 556 1328 nostra
566 1280 646 1343 priora
657 1277 716 1328 tui!

187 1355 242 1406 Nec
255 1359 314 1422 quia
324 1360 418 1406 venturi
432 1354 524 1406 dederis
538 1359 599 1405 mihi
611 1359 678 1420 signa
688 1353 794 1413 doloris.

221 1435 280 1484 Haec
292 1435 380 1501 loquor
390 1453 398 1494 3
408 1451 449 1485 aiat
459 1433 525 1484 fami
534 1435 653 1484 solicitata
662 1434 735 1484 novi.

188 1513 280 1562 Omnia
289 1511 331 1563 sed
339 1530 422 1565 vereor
433 1533 439 1562 ε
449 1518 502 1580 quis
513 1517 577 1563 enim
587 1516 681 1563 securus
689 1518 794 1568 amavit?

222 1590 299 1656 Cogit
309 1595 335 1640 δι
346 1592 451 1641 absentes
461 1591 530 1656 plura
541 1595 624 1641 timere
635 1591 711 1642 locus.
765 1643 767 1646 ,
912 1600 922 1630 ¹
929 1598 958 1632 ¹0

139 1715 145 1726 ,
187 1670 279 1719 felices
293 1670 364 1733 ilias,
379 1671 420 1720 sua
429 1686 487 1737 quas
497 1672 620 1734 praesentia
631 1667 697 1722 nolle

154 1784 157 1789 -
223 1746 336 1798 Crimina
344 1764 400 1810 vera
410 1748 491 1814 Jubet,
506 1747 565 1797 falsa
576 1751 659 1810 timere
668 1740 745 1803 uetat!

188 1826 244 1878 Nos
258 1842 308 1876 tam
319 1842 383 1877 vana
392 1840 487 1881 movet,
498 1825 573 1892 quim
585 1825 647 1876 fasta
655 1826 743 1888 injuria
757 1824 834 1876 fallit:

224 1906 313 1955 Incitat
324 1909 349 1954 &
360 1906 451 1954 morsus
463 1907 532 1954 error'
537 1921 636 1971 uterque
646 1920 721 1970 pares.

188 1984 230 2033 O!
243 1987 337 2035 utinam
346 1986 426 2035 venias
437 1984 494 2034 laut
505 1995 532 2032 ut
541 1999 655 2034 ventusve
663 1999 775 2049 paterve,
915 1985 955 2031 ¹15

223 2061 352 2129 Causaque
366 2064 396 2112 sit
410 2078 480 2112 certae
496 2061 586 2111 semina
597 2061 665 2111 nulla
674 2061 762 2111 morae!

189 2139 266 2202 Quod
276 2144 295 2190 si
306 2157 379 2207 quarn
392 2143 484 2202 sciero,
495 2144 598 2202 moriar,
610 2143 671 2190 mihi
681 2138 767 2201 crede,
776 2137 892 2191 dolendo.

223 2217 371 2269 iamdudum
383 2235 483 2285 peccas,
497 2222 515 2268 si
526 2236 580 2268 mea
593 2219 643 2268 fata
653 2221 724 2284 petis.

189 2295 238 2348 Sed
251 2314 329 2364 neque
335 2299 461 2364 peccabis,
472 2297 603 2364 frustraque
616 2313 661 2362 ego
672 2312 762 2348 terreor
769 2297 832 2348 istis:

224 2375 329 2442 Quoque
342 2374 421 2426 minsis
431 2378 528 2437 venias,
540 2375 622 2427 invida
632 2391 722 2442 pugnat
732 2380 817 2427 hiems.
914 2383 959 2415 ¹20

189 2453 236 2503 Me
244 2455 374 2510 miseram!
387 2445 479 2522 quanto
487 2455 632 2522 planguntur
643 2456 715 2506 litora
723 2455 811 2506 flusiu!

223 2531 257 2580 Et
270 2531 330 2582 latet
339 2533 440 2583 obscuri
450 2532 548 2584 condita
558 2536 621 2583 nube
632 2533 691 2583 dies.
786 2573 788 2577 .

189 2610 301 2659 Forsitan
315 2609 346 2660 ad
355 2627 458 2676 pontum
467 2626 544 2662 mater
555 2617 595 2678 pia
607 2615 700 2668 venerit
709 2611 806 2662 Helles!

224 2688 351 2754 Mersaque
366 2692 451 2740 roratis
460 2707 516 2740 nata
527 2689 612 2748 fleatur
625 2693 707 2755 aquise

189 2766 229 2816 An
243 2784 324 2827 mare,
336 2769 366 2817 ab
375 2771 452 2819 inviso
463 2771 577 2834 privigna
587 2771 686 2817 numine
697 2766 802 2828 diuum,
913 2776 956 2822 ¹25

222 2843 301 2895 Vexat
312 2848 338 2894 in
354 2862 489 2912 aequoream
499 2847 564 2896 versa
573 2862 676 2895 noverca
685 2845 779 2895 Deam?

190 2922 250 2972 Non
263 2923 330 2974 favet
341 2958 349 2983 ‚
361 2940 390 2981 ut
400 2942 463 2975 nunc
474 2925 521 2982 est,
529 2947 532 2956 ·
540 2929 626 2976 teneris
637 2925 703 2974 locus
713 2925 755 2974 isle
765 2925 859 2992 puellis.

224 3001 276 3059 Hac
287 3002 359 3051 Helle
374 3006 460 3067 periit,
472 3005 515 3053 hac
526 3021 571 3069 ego
582 3003 657 3054 laedor
667 3003 736 3071 aqui.

189 3081 224 3130 At
241 3080 285 3128 tibi
295 3079 449 3133 flammatum
460 3086 580 3142 memori,
592 3082 720 3148 Neptune,
735 3098 830 3133 tuarum
873 3095 876 3101 ’

225 3157 314 3211 Nullus
327 3157 634 3228 eratventisinrpediendsu
643 3177 754 3215 atuor:-
840 3211 858 3252 7
913 3168 958 3214 ¹30

762 3234 844 3290 Ev'
