2367 3992
278 446 331 532 ‘38
397 439 440 508 P.
470 441 649 506 Orrorr
676 439 906 504 NAsours

288 565 336 613 llas
353 562 413 611 solas
426 563 503 610 habeo
518 563 625 624 semper,
640 561 777 626 semperque
791 554 923 624 profundo.

233 629 236 635 ¹
321 641 428 690 Hument
443 640 539 689 incultae
551 639 618 688 sonte
630 655 731 702 perenne
742 653 815 702 genae.

241 729 269 782 65
289 720 342 769 Hoc
353 722 444 784 generis
455 718 517 773 sato,
531 716 598 783 quod
609 718 700 764 nostros
711 729 772 764 errat
781 719 806 762 in
815 728 908 772 annos,

321 795 458 847 Tantalides
470 810 556 844 matres
567 809 622 858 apta
636 797 719 858 rapina
729 795 817 841 sumus.

288 875 346 925 Non
358 893 402 940 ego
416 874 524 923 fluminei
536 873 636 920 reseram
649 869 775 920 mendacia
784 871 855 934 cygni
867 887 874 915 ι

320 954 371 1001 Nec
383 969 467 1017 querar
477 954 502 999 in
513 951 601 1015 plumis
612 946 730 998 delituisse
742 949 835 996 lovem.

289 1029 343 1091 Qud
361 1029 410 1078 duo
423 1032 542 1094 porrestus
557 1026 628 1091 longe
640 1027 700 1075 freta
715 1025 810 1075 distinet
820 1025 940 1084 lsthmos,

241 1117 272 1162 70
321 1108 394 1156 Vesta
414 1109 541 1171 pepegriuis
556 1103 719 1170 Hippodamia
732 1108 798 1152 rotis.

276 1206 278 1211 ·
288 1183 382 1234 Castori
393 1185 533 1246 Amyclaeo,
545 1188 569 1232 ὁ(
580 1183 702 1244 Amyelaeo
711 1181 819 1240 Polluci,

321 1260 425 1310 Reddita
439 1260 568 1326 Mopsopii
579 1262 684 1309 Taenaris
697 1261 753 1308 urbe
766 1261 842 1308 soror.

289 1340 409 1394 Taenaris,
422 1338 487 1389 Idaeo
501 1354 563 1388 trans
575 1355 657 1404 aequor
668 1342 697 1386 ab
708 1340 801 1402 hospite
812 1351 895 1402 rapta,

322 1417 445 1482 Argolicas
456 1434 499 1482 pro
510 1407 617 1467 se'vertit
625 1420 649 1464 in
660 1433 726 1464 mma
737 1432 830 1465 manus.

241 1499 270 1548 75
290 1495 337 1544 Vix
346 1494 458 1561 equidem
470 1497 585 1553 memini3
598 1497 697 1543 memini
709 1510 803 1543 tamen:
816 1497 899 1543 omnia
909 1493 1002 1555 lucius,

305 1573 310 1583 “
322 1574 411 1621 Omnia
421 1573 508 1621 soliciti
518 1572 587 1637 plena
599 1575 693 1621 timoris
703 1586 778 1621 erant.

290 1651 307 1699 f
310 1652 373 1699 lebat
381 1667 437 1700 avus
447 1686 454 1709 ,
468 1652 603 1715 Phoebeque
615 1653 695 1709 sotor,
707 1649 837 1715 fratresque
848 1649 961 1714 gemelli:

323 1729 413 1776 Orabat
423 1731 517 1792 superos
529 1726 594 1777 Leda
603 1729 720 1793 suumque
727 1729 820 1776 lovem.

289 1807 341 1871 Ipsa
351 1823 411 1870 ego,
423 1822 472 1855 non
484 1806 570 1870 longos
581 1809 653 1855 etiam
663 1823 727 1855 nunc
739 1804 807 1854 scissa
818 1806 935 1870 capillos,

243 1869 274 1917 ⁸0
324 1882 485 1942 clamabam,
503 1886 557 1932 Sine
569 1901 626 1943 me,
640 1901 678 1932 me
690 1888 755 1944 sine,
772 1899 864 1944 mater,
876 1887 944 1934 abis?

291 1960 356 2010 Nam
368 1966 455 2025 conjux
471 1963 560 2011 aberat.
577 1962 615 2011 Ne
632 1980 682 2012 non
698 1963 809 2027 Pelopeia
821 1962 920 2022 credar,

324 2040 385 2088 Ecce
396 2040 562 2104 Neoptolemo
573 2039 653 2105 ptaeda
663 2055 744 2106 parata
756 2041 800 2089 fui.

291 2116 384 2166 Pelides
397 2121 490 2166 utinam
502 2115 596 2166 vitasset
608 2119 725 2183 Apollinis
736 2117 820 2168 arcus!

324 2195 457 2243 Damnaret
467 2199 516 2243 nati
527 2196 585 2243 saila
596 2212 707 2260 proterva
715 2213 789 2262 pater.

244 2269 272 2334 85
292 2271 343 2322 Nec
355 2271 477 2338 quondam
491 2273 597 2337 placuit,
609 2290 653 2321 nec
664 2279 713 2339 jam
724 2270 849 2339 placuisset
858 2274 963 2338 Achilli,
996 2293 998 2296 ⁴

324 2349 432 2400 Abducta
442 2350 542 2399 viduum
555 2356 657 2416 conjuge
670 2351 725 2400 llere
736 2357 823 2402 virum.

292 2429 351 2490 Quae
364 2445 416 2477 mea
427 2427 531 2478 coelestes
543 2432 630 2494 injuria
641 2429 699 2478 fecit
711 2434 823 2497 iniquos?
901 2472 904 2480 ,

325 2505 398 2566 Quod
413 2509 490 2565 mihi,
511 2523 547 2557 νε
557 2509 660 2556 miserae!
676 2508 740 2559 sidus
750 2507 830 2558 obesle
843 2514 947 2575 querarl

246 2599 248 2603 ⁴
292 2586 365 2634 Parva
376 2585 430 2634 mei
442 2588 490 2633 sine
505 2601 581 2634 matre
594 2586 644 2644 sui,¹
657 2602 722 2651 pater
734 2604 800 2635 arma
809 2587 913 2636 ferebat:

242 2671 275 2715 90
325 2664 355 2713 Et
366 2663 414 2713 duo
429 2664 485 2712 crim
492 2667 592 2723 vivant,
608 2666 667 2712 orba
677 2662 770 2713 duobus
783 2682 858 2714 eram.

292 2742 350 2791 Non
361 2743 404 2791 tibi
418 2742 545 2792 blanditias
557 2747 657 2807 primis,
673 2761 727 2792 mea
738 2760 831 2805 mater,
845 2748 871 2793 in
882 2747 949 2794 annis

325 2820 419 2869 Incerto
433 2820 505 2870 dicias
516 2837 557 2870 ore
569 2823 650 2886 puella
661 2822 714 2872 tuli.

292 2899 351 2949 Non
365 2917 410 2964 ego
422 2903 513 2964 captavi
524 2901 633 2950 brevibus
644 2916 684 2949 tua
696 2900 759 2949 colla
769 2900 874 2949 lacertis:

327 2977 377 3026 Nec
388 2981 480 3042 gremio
492 2977 541 3027 sedi
554 2980 642 3027 sarcina
654 2993 720 3042 grata
733 2993 783 3027 tuo.

244 3071 274 3120 95
294 3055 350 3105 Non
362 3055 439 3104 cultris
448 3058 491 3105 tibi
503 3072 559 3104 cura
570 3060 618 3104 mei
628 3075 635 3114 3
652 3072 697 3105 nec
708 3059 774 3122 peda
785 3061 872 3106 marito

252 3125 253 3129 ¹
328 3133 415 3186 latravi
434 3134 570 3196 thalamos,
586 3149 662 3184 matre
673 3151 770 3201 parante
778 3170 787 3196 ‚
800 3153 884 3187 novos.
