2367 3992
293 477 360 542 314
402 452 881 521 OvrnrrNAsosrrs
968 436 971 442 ’

240 603 286 651 ¹30
319 589 371 639 Nec
388 589 491 655 spolium
503 585 533 638 de
547 604 606 643 me,
624 585 692 654 quod
704 603 783 652 petat,
797 588 871 637 hostis
887 589 967 640 habet.

285 672 317 720 At
335 667 406 716 simul
419 665 540 717 induimus
553 665 639 715 nostris
649 667 689 714 sua
704 681 805 714 munera
820 669 910 726 ramis·,

246 747 251 755 '
317 748 376 796 Saxa
390 762 467 795 novor
480 745 568 794 stulius
580 741 695 810 grandine
703 742 772 809 plura
781 758 878 808 petunt.

283 824 392 873 Forsitan
402 822 443 893 bie
457 822 542 890 aliquis
553 819 635 882 dicat,
647 820 707 883 Qut
717 821 816 887 publica
827 837 946 888 tangunt,

322 901 427 967 Carpere
439 896 575 951 concellum
587 899 635 948 est:
646 901 694 949 boc
710 902 751 950 via
760 903 822 965 juris
837 902 920 951 habet.

234 982 305 1043 135Si
317 979 373 1029 licet
384 980 448 1038 boc,
459 976 525 1027 oleas
540 974 674 1042 distringite
684 995 691 1026 t
703 974 791 1026 cedite
800 974 896 1028 mellea.

311 1057 424 1123 Improbe
438 1089 445 1116 ,
460 1056 568 1105 vicinum
584 1070 672 1120 carpe,
682 1057 782 1115 viator,
805 1054 869 1104 olus.

277 1139 353 1187 lntret
360 1139 385 1186 bc
396 1134 496 1185 urbanas
510 1130 596 1183 eadem
607 1132 740 1198 petulantia
750 1147 849 1197 portam

309 1216 392 1281 Sitque
406 1215 452 1264 tuis
472 1214 563 1272 muris,
581 1211 704 1271 Romule,
720 1214 779 1276 juris
792 1209 871 1262 idem.

276 1291 385 1356 Quilibet
399 1306 524 1358 argentum
535 1292 618 1355 ptimae
628 1287 659 1339 de
669 1289 749 1339 fronte
761 1290 868 1340 taberne

230 1387 275 1431 ¹40
308 1370 393 1421 Tollat
404 1388 411 1418 t
424 1374 448 1419 bt
461 1366 492 1418 ad
502 1383 609 1434 gemmas
618 1365 721 1433 quilibet
732 1367 794 1417 alter
804 1382 853 1418 eat.

274 1449 375 1502 Auferat
389 1451 429 1498 hic
441 1462 545 1501 aurum,
564 1447 700 1511 peregrinos
709 1444 752 1493 llle
768 1445 886 1510 lapillosa

305 1527 337 1577 Et
351 1527 512 1593 quascumque
528 1523 606 1589 potest
621 1522 725 1582 tollere,
744 1522 818 1573 tollat
832 1541 901 1590 opes.

271 1601 318 1655 Sed
328 1619 405 1669 neque
420 1600 539 1652 tolluntur
550 1619 556 1649 ε
568 1616 613 1649 nec
623 1635 631 1660 ,
642 1598 701 1650 dum
708 1603 772 1666 regit
780 1605 867 1653 omnia
875 1602 967 1665 Cesar,

304 1681 451 1736 incolumis,
468 1693 537 1730 tanto
548 1675 665 1744 praeside,
682 1693 763 1744 raptor
774 1681 833 1729 etit.

227 1762 303 1826 145At
318 1777 368 1809 non
378 1759 419 1808 illc
429 1758 495 1809 Deus
505 1773 588 1823 pacem
600 1759 664 1806 intra
678 1759 770 1806 moenia
780 1755 852 1809 finit:

303 1838 424 1888 Auxilium
444 1850 497 1886 toto
508 1836 597 1900 spargit
607 1837 632 1882 in
642 1835 702 1883 orbe
714 1835 795 1883 suum.

271 1915 337 1978 Quid
348 1931 428 1966 tamen
443 1916 490 1964 hoc
500 1910 595 1978 prodest
606 1946 614 1971 ‚
626 1909 733 1960 mediati
745 1911 800 1961 luce
812 1912 938 1983 palamque

302 1996 422 2045 Verberor
433 2029 441 2054 ,
459 1997 483 2042 bc
498 2007 556 2041 tutae
569 2007 620 2040 non
631 1991 688 2040 licet
698 1988 745 2040 else
754 1994 836 2043 mihil

268 2074 333 2140 Ergo
344 2090 387 2124 nec
398 2070 468 2122 nidor
479 2070 543 2120 loliis
553 2072 657 2128 haerere,
672 2085 717 2118 nec
728 2069 807 2120 ullam

223 2170 267 2216 ¹50
301 2150 400 2202 Sedibus
414 2153 439 2200 in
451 2148 535 2199 nostris
549 2147 609 2197 stare
619 2145 705 2198 videtis
719 2162 800 2197 avem.

266 2229 298 2279 At
314 2228 390 2293 lapis,
403 2230 428 2276 in
438 2244 505 2275 ramo
517 2223 579 2274 sedit
589 2227 736 2291 quicumque
746 2226 863 2289 bifurco,

299 2306 392 2360 Haeret,
404 2309 429 2354 δι
446 2319 472 2353 ut
481 2302 552 2369 capti
561 2305 637 2352 victor
648 2305 673 2351 in
685 2319 738 2352 arce
750 2320 843 2356 manet.

266 2384 354 2438 Cetera
371 2386 430 2450 saepe
440 2397 520 2432 tamen
531 2394 630 2445 potuere
640 2376 741 2430 admilsa
755 2386 838 2448 negari
843 2416 853 2446 ,

297 2465 329 2515 Et
346 2466 437 2514 crimen
450 2476 497 2511 vot
515 2460 547 2508 est
559 2457 665 2508 inficiata
682 2459 760 2508 suum.

127 2595 131 2600 ,
219 2543 352 2598 ¹55Nostra
368 2556 437 2592 notat
448 2540 514 2589 fusco
527 2536 616 2602 digitos
626 2539 713 2601 injuria
728 2537 820 2600 succo,

296 2621 395 2674 Cortice
408 2619 526 2669 contactas
540 2612 662 2664 inliciente
672 2629 766 2665 manus.

263 2701 308 2751 Ille
329 2717 399 2751 cruor
417 2713 483 2747 meus
498 2694 530 2743 est
543 2691 605 2741 :illo
618 2691 738 2742 maculata
751 2710 840 2745 cruore

295 2778 353 2828 Non
368 2773 503 2844 profetluri
519 2768 602 2821 dextra
613 2769 705 2819 lavatur
718 2771 792 2837 aqud.

263 2856 299 2906 0!
313 2872 375 2920 ego,
394 2853 449 2904 ctlm
461 2851 538 2915 longae
554 2861 671 2898 venerunt
682 2845 754 2900 taedia
762 2851 820 2902 viu
827 2867 843 2913 p

216 2929 262 2969 t6o
295 2921 383 2985 Optavi
394 2921 488 2985 quoties
500 2912 565 2964 arida
577 2913 638 2962 fasta
649 2913 725 2963 mori!

262 2998 351 3064 Optavi
369 2996 483 3062 quoties,
500 3007 540 3041 aut
555 3007 620 3041 caeco
631 2989 726 3040 turbine
735 2995 818 3055 vetti,

295 3077 344 3126 Aut
359 3070 440 3125 valido
450 3072 514 3120 missi
525 3069 634 3118 fulminis
644 3070 699 3134 igne
709 3071 776 3135 peti!

265 3157 343 3223 Atque
358 3155 451 3204 utinam
462 3150 543 3200 subitae
552 3161 661 3216 raperent
670 3163 725 3198 mea
732 3163 807 3220 poma
816 3147 943 3218 procellzl
