2367 3992
197 467 323 537 linuit
350 466 420 535 III.
444 466 611 534 EunorA
640 461 703 534 IX.
748 485 808 558 ης

177 568 295 650 ledcrim,
311 589 363 640 total
374 586 443 639 cedet
453 597 551 661 uterque
563 584 648 637 domo.

186 669 287 735 neglecti
296 671 422 734 quisquam
439 666 505 716 Deus
516 666 580 717 ultor
591 668 710 726 aurantitt
833 677 860 729 σς

177 763 195 796 n
209 747 272 797 male
284 749 393 813 quaesitas
402 745 499 811 pulvere
512 758 591 794 mutet
602 744 674 811 opesl

381 864 557 938 εεξξζμεε-

177 1099 181 1118 ι
272 1004 526 1075 ELEGIA
565 1002 639 1070 IX.

177 1185 305 1223 -urtrtona
322 1173 341 1222 si
357 1184 451 1232 mater,
464 1181 539 1222 mater
549 1168 655 1237 ploravit
667 1167 796 1231 Achillen,

177 1265 281 1317 ungunt.
289 1266 386 1316 magnas
399 1250 471 1300 tristia
485 1248 534 1299 fata
546 1249 626 1306 Deas3

177 1331 193 1378 is
206 1327 335 1394 indignos,
348 1327 461 1394 Elegeia,
475 1326 541 1376 solve
553 1325 662 1392 capillos.

178 1407 184 1456 l
204 1409 277 1456 nimis
288 1424 316 1456 ex
325 1424 382 1458 vero
393 1422 456 1456 nunc
470 1408 513 1456 tibi
528 1422 618 1454 nornen
629 1404 689 1457 eritl

177 1486 368 1550 intemperie,
384 1499 423 1534 tua
439 1483 519 1544 fama,
536 1483 665 1545 Tibullus,
834 1501 844 1554 ς

179 1578 202 1611 et
213 1565 239 1611 in
267 1563 366 1612 nstruiio
378 1579 463 1629 corpus
472 1566 543 1612 inane
556 1579 626 1628 rogo.

185 1581 354 1715 putinlcnepis
366 1641 412 1690 fert
422 1643 574 1708 eversamque
589 1643 743 1706 pharetram,

178 1719 261 1769 iratior
272 1736 355 1778 arcuo,
371 1723 395 1768 δι
407 1721 456 1767 sine
469 1719 522 1768 luce
532 1719 620 1768 facem.

187 1830 196 1857 ,
210 1795 316 1847 demissis
330 1811 357 1846 ut
373 1811 411 1846 eat
423 1795 562 1851 miserabilis
574 1796 633 1856 alis3

178 1882 272 1941 :oraque
286 1874 370 1924 infesti
379 1873 466 1924 tundat
477 1889 557 1940 aperta
566 1890 648 1923 manu.
833 1888 861 1925 ra

179 1964 223 2003 unt
233 1955 305 2019 sparsi
316 1954 432 2016 lacrymas
447 1969 489 2018 per
498 1951 561 2001 tolla
575 1951 674 2016 capilli,

178 2049 237 2101 que,
252 2032 356 2097 singultu
369 2034 537 2090 concutiente,
547 2031 643 2079 sonant.

178 2116 216 2161 rin
227 2111 308 2160 AEneae
315 2112 349 2159 sic
360 2109 430 2180 illurn
446 2108 527 2158 funere
538 2105 624 2157 dicunt

178 2181 248 2241 risum
258 2179 339 2249 tellis,
352 2189 450 2254 pulcher
459 2187 511 2237 Iiile
520 2223 528 2247 ,
541 2190 597 2236 tuis.

181 2269 234 2320 intls
246 2270 278 2318 est
288 2267 388 2318 confusa
399 2267 496 2327 Venus,
512 2269 631 2315 moriente
641 2265 756 2334 Tibullo,
831 2297 855 2347 ¹5
878 2330 880 2335 Ι

181 2364 207 2397 m
220 2350 300 2412 iuveni
312 2348 375 2410 rupit
386 2343 440 2394 cilrn
453 2343 514 2394 ferus
523 2348 611 2409 inguen
622 2361 686 2412 aper.

178 2431 194 2476 ri
205 2441 288 2486 vates,
300 2429 324 2475 &
336 2423 426 2473 Divum
438 2440 508 2483 tura,
521 2439 654 2472 vocamur:

178 2507 284 2565 tetiam,
297 2507 339 2570 qui
349 2521 392 2552 nos
402 2519 491 2551 numen
502 2504 588 2550 habere
599 2516 693 2566 putent.

178 2599 270 2633 tomne
284 2586 374 2632 sacrum
386 2597 451 2630 mors
462 2582 600 2644 importuna
610 2579 736 2644 profanat:

179 2663 242 2712 ribus
261 2663 370 2712 obscuras
386 2661 462 2726 injicit
473 2658 515 2706 illa
526 2673 619 2705 manus.
664 2647 666 2650 ’
827 2676 855 2710 20

179 2758 237 2813 *ater
248 2741 363 2799 ismario,
377 2735 436 2806 quid
446 2752 522 2785 mater
534 2771 541 2795 ‚
553 2734 647 2800 profuit
657 2735 755 2801 Orpheo
766 2736 775 2786 l

179 2824 238 2869 nine
249 2817 308 2885 quid
322 2821 393 2867 villas
403 2811 546 2879 obstupuiffe
559 2813 618 2862 feras
628 2817 637 2863 ἒ

179 2916 189 2948 r
200 2901 225 2948 in
236 2898 301 2947 silvis
313 2894 376 2945 idem
388 2910 469 2961 pater,
482 2891 598 2952 AElinon,
611 2891 664 2940 altis

180 2993 217 3026 rur
230 2974 307 3025 inviti
322 2969 466 3023 concinuisse
478 2970 538 3036 lyra.

191 3052 347 3113 Maeoniden,
360 3069 448 3118 aquo,
460 3067 502 3099 ceu
513 3050 580 3099 fonte
590 3048 705 3116 pereunl,
824 3059 850 3105 25

179 3149 212 3184 un
230 3134 311 3184 riuus
323 3147 365 3183 ora
376 3133 481 3196 rigantur
491 3130 557 3196 aquis
569 3146 575 3175 ε

630 3204 640 3252 1
657 3207 673 3269 ij
