2367 3992
270 430 339 510 196
391 383 860 489 OtrortAruouurr

265 537 338 594 Hune
348 559 444 609 quoque
453 545 546 592 summa
556 539 607 601 dies
620 545 690 606 nigro
701 543 827 601 submersit
836 543 942 600 Aterno,

242 651 256 656 --
298 619 437 686 Diffugiunt
446 618 530 670 avidos
545 623 650 669 carmina
661 619 712 669 sola
720 635 801 683 rogos.
970 613 976 630 ⁸

265 697 344 748 Durat
359 715 429 764 opus
426 713 527 758 uatum,
540 699 640 762 Troiani
655 698 719 758 fama
731 698 834 758 laboris,
902 693 907 697 ’

218 782 249 831 80
298 775 424 857 Tardaque
440 778 557 826 nosturno
568 776 615 825 tela
626 790 715 825 retexta
725 774 794 825 doio.

265 858 303 905 Sic
319 853 427 904 Nemesis
442 853 558 919 longum,
574 857 607 903 sie
618 835 706 913 Delie,
717 870 807 913 nornen
818 852 951 909 habebunt}

296 932 395 993 Altera,
410 948 465 982 cura
478 948 576 991 reeens,
592 931 678 991 altera,
698 935 789 997 primus
805 948 883 980 arnor.

263 1008 330 1072 Quid
344 1028 387 1060 vos
402 1012 467 1060 sacra
476 1013 576 1075 juvant?
588 1008 647 1076 quid
658 1017 721 1059 nuuc
738 1009 853 1076 AEgyptia
867 1009 957 1074 prosunt
974 1055 976 1060 .

295 1088 384 1154 Sisira?
396 1087 471 1156 quid'
464 1104 489 1137 tn
498 1105 574 1138 vacuo
586 1085 715 1146 secubuisse
731 1091 802 1147 toro?

218 1170 244 1216 35
265 1166 330 1218 cum
341 1170 434 1232 rapiant
444 1165 507 1216 mala
518 1166 566 1215 fata
576 1167 671 1230 bonos,
682 1166 693 1231 (
703 1149 823 1255 igo9scite
831 1162 891 1232 fusio
896 1164 938 1249 ,J¹

296 1243 409 1295 Solieitor
419 1244 498 1293 nullos
514 1241 560 1294 eise
573 1259 655 1320 putare
666 1243 741 1311 Deos.

262 1324 324 1372 Vive
337 1327 406 1389 pius,
425 1325 528 1393 moriere
543 1324 616 1390 pius:
611 1321 682 1390 ·eole
696 1324 777 1389 sacra,
793 1322 915 1392 colentem
981 1313 984 1318 ¹

295 1403 364 1452 Mors
378 1403 455 1468 gravis
471 1418 485 1454 a
499 1401 610 1471 templis
603 1418 629 1450 tu
641 1417 699 1452 cava
710 1401 783 1451 busta
794 1402 881 1461 trahet.

263 1477 417 1530 Carminibus
432 1477 527 1528 confide
538 1480 624 1542 bonis.
634 1482 698 1545 jacet
709 1495 763 1527 eece
774 1479 895 1550 Tibullus.

212 1569 246 1616 40
295 1557 342 1605 Vix
357 1570 541 1608 manetetanto
551 1572 623 1621 parva
633 1555 700 1622 quod
711 1574 770 1606 urna
780 1562 864 1632 eaptr
963 1547 966 1550 ⁴

263 1634 349 1693 Tene,
365 1618 428 1683 saeer
438 1634 526 1695 Vates,
542 1633 646 1684 flamme
657 1652 759 1713 rapuere
763 1637 877 1705 rogales?

295 1713 430 1761 Peiioribus
439 1713 503 1778 pasci
513 1728 569 1778 nee
568 1715 667 1765 timuere
679 1713 742 1763 tuis?

259 1791 339 1860 ¹Aurea
348 1791 481 1839 sanctorum
496 1787 627 1857 potuissetis
640 1791 729 1862 templa
739 1791 851 1864 Deotunt

256 1883 258 1888 ·
295 1868 383 1927 Urere,
395 1885 447 1934 quse
459 1884 552 1939 tautum
562 1865 774 1919 suffinuere'nefas.

213 1958 243 2002 45
263 1946 355 1996 Avertit
368 1947 448 1996 vultus
456 1982 465 2008 ,
481 1947 563 2016 Eryeis
576 1964 629 2013 quae
639 1945 744 2012 possidet
757 1965 821 2009 arces
830 1968 841 2015 „²

236 2071 238 2077 s
294 2027 354 2074 Sunt
365 2041 461 2091 quoque
472 2061 481 2085 ,
491 2029 533 2090 qui
544 2025 660 2088 lacrymas
671 2023 814 2080 continuisse
824 2043 921 2092 negetur,

262 2100 308 2152 Sed
323 2118 403 2152 tamen
416 2105 463 2151 hoe
479 2104 577 2162 melius,
590 2102 665 2170 quim
679 2106 698 2153 si
709 2105 817 2154 Phaeacia
827 2105 898 2172 tellus

295 2181 408 2250 Ignotum
423 2180 465 2230 vili
482 2178 638 2246 supposuisset
648 2182 732 2231 humo.

262 2258 325 2308 Hine
342 2256 404 2306 cette
421 2256 531 2307 madidos
546 2258 658 2322 fugientis
671 2262 755 2323 pressit
765 2258 857 2308 ocellos

219 2356 248 2408 5⁰
297 2337 435 2394 Mater3&
450 2339 474 2383 iu
489 2338 577 2390 eineres
588 2337 673 2402 ultima
685 2336 748 2386 dona
759 2338 833 2387 tulit.

261 2416 325 2467 Hine
340 2417 444 2464 sororio
454 2430 545 2479 partem
562 2415 711 2464 miseritum
722 2430 798 2465 matre
812 2415 905 2494 d9loris

293 2494 367 2541 Venit
380 2495 524 2560 inornatas
540 2491 653 2542 dilaniata
665 2511 755 2559 tomas.

261 2570 374 2639 Cumque
387 2573 433 2619 tuis
447 2571 503 2618 sua'
498 2587 624 2635 punxerunt
638 2571 791 2641 Nemesisque
801 2575 915 2657 priorque

294 2647 398 2696 Oscula·
410 2664 454 2696 nec
468 2648 532 2697 solos
545 2647 668 2698 destituite
680 2667 760 2717 rogos.

214 2725 331 2779 Delta
345 2722 484 2785 drscedens
499 2725 620 2785 felicius,
632 2731 726 2796 inquit,
739 2743 819 2786 amata

293 2803 351 2849 Sum
363 2803 406 2849 tibi
419 2820 425 2850 ι
437 2803 530 2862 vixisti,
548 2802 606 2867 dunt
620 2820 673 2853 tuus
687 2809 747 2871 ignis
761 2824 835 2856 eram.

261 2878 309 2929 Cui
321 2877 445 2952 Nemcsu,
458 2877 540 2938 Quid,
553 2883 601 2939 ait,
612 2882 656 2934 tibi
668 2886 715 2934 sint
723 2900 776 2934 mea
784 2882 873 2941 damna
882 2883 973 2938 dolori?

294 2956 336 3004 Me
348 2958 424 3011 tenuit
438 2959 542 3004 moriens
557 2955 682 3008 deficiente
696 2979 778 3012 manu.

144 3067 150 3081 .
247 3039 249 3043 ’
261 3036 285 3084 Si
297 3050 376 3083 tamen
389 3050 401 3082 e
417 3034 486 3081 nobis
496 3033 588 3100 aliquid
597 3071 604 3096 ‚
612 3040 661 3086 'nisi
673 3055 760 3089 nomen
771 3025 798 3091 'tt
810 3043 913 3101 umbra,

214 3126 244 3168 σο
293 3112 388 3171 Restet;
404 3115 430 3186 ip
441 3110 521 3175 Elysii
531 3113 594 3164 valle
606 3116 716 3176 Tibullus
729 3121 782 3172 erit.
800 3139 804 3146 ·
