2367 3992
296 655 340 720 34
402 629 446 697 P.
472 629 657 696 Ovrorr
683 598 910 700 Nrs‘ours

293 754 318 801 si
335 767 359 802 tu
376 751 456 801 cultor
467 767 517 799 eras
529 751 614 816 clapsis
624 754 678 816 igne
693 753 804 814 futurus,

327 832 431 880 Poenitet
442 828 532 894 elapsos
543 831 637 894 ignibus
654 828 699 880 effe
711 831 801 881 Deos!

294 909 403 958 Forsitan
415 913 440 957 δι
452 905 574 972 gravidam
587 906 670 969 Dido,
686 907 818 970 scelerate,
830 909 968 976 relinquas

237 1042 240 1049 ¹
328 988 429 1051 Parsque
442 989 476 1034 tui
488 984 559 1034 lateat
574 1003 674 1050 corpore
688 986 766 1036 clausa
778 1005 843 1038 meo.

249 1063 399 1124 135Accedet
411 1063 461 1113 saro
473 1067 553 1112 matris
567 1064 707 1112 miserabilis
721 1064 815 1125 infans3

328 1143 359 1191 Et
373 1141 481 1191 nondum
497 1157 554 1191 nato
567 1144 654 1191 funeris
667 1146 747 1191 auster
759 1147 812 1194 eris.

296 1220 408 1285 Cumque
422 1236 517 1285 parente
528 1222 568 1268 sua
582 1220 654 1269 frater
666 1224 782 1270 morietur
794 1222 858 1280 Iuli·,

329 1300 575 1363 Poenaqueconncxos
586 1298 677 1347 auferet
691 1316 737 1347 una
749 1297 819 1348 duos.

296 1374 342 1426 Sed
353 1378 419 1439 jubet
432 1380 465 1424 ire
476 1377 540 1425 Deus
555 1397 560 1424 :
573 1376 662 1425 vellem
673 1374 786 1426 vetuisset
797 1375 877 1436 adire,

250 1480 295 1524 ¹40
329 1455 418 1504 Punica
429 1472 472 1504 nec
484 1456 581 1504 Teucris
592 1452 667 1520 pressa
680 1451 760 1504 suisset
771 1458 867 1504 humus.

296 1532 350 1582 Hoc
362 1530 438 1591 duce,
450 1550 536 1598 nempe
548 1533 616 1597 Deo,
634 1537 710 1582 ventis
721 1537 816 1599 agitaris
828 1537 934 1600 iniquis,

329 1612 359 1660 Et
370 1615 424 1680 tepis
436 1615 460 1660 in
475 1610 558 1676 rapido
573 1627 680 1676 tempora
696 1611 769 1676 longa
780 1612 850 1661 freto.

296 1690 411 1754 Pergama
422 1693 461 1740 vix
472 1705 539 1738 tanto
552 1691 595 1737 tibi
604 1705 670 1738 erant
681 1687 809 1754 repetenda
817 1691 898 1739 labore
908 1725 918 1751 ,

331 1768 431 1816 Hesione
446 1772 465 1816 si
475 1771 545 1826 vivo,
558 1782 648 1832 quanta
660 1767 739 1826 fuere,
755 1768 843 1817 forent.

237 1843 355 1899 '¹45Non
365 1847 467 1907 patrium
481 1847 602 1893 Simo'e'nta
613 1847 689 1909 petis3
702 1844 741 1894 sed
751 1835 863 1907 Tybridis
874 1845 959 1896 undas.

331 1921 442 1986 Nempe,
458 1938 484 1971 ut
495 1925 616 1986 pervenias
629 1923 678 1987 quo
693 1926 774 1988 cupis,
785 1925 869 1988 hospes
880 1928 935 1974 eris.

297 1998 379 2065 thue
395 1999 466 2060 latet,
484 2003 590 2064 vitatque
610 2015 661 2048 tuas
674 2000 776 2048 abstrusa
791 2005 897 2062 carinas,

331 2079 378 2125 Vix
392 2081 436 2126 tibi
447 2081 570 2142 continget
582 2094 642 2126 terra
654 2082 728 2143 petita
739 2081 797 2127 seni.

298 2154 349 2204 Hos
360 2159 439 2221 potius
447 2157 548 2228 populos
558 2160 582 2204 in
592 2155 690 2212 dotem,
701 2158 800 2221 ambage
810 2154 919 2214 remiffa,

253 2253 299 2299 ¹50
331 2234 435 2299 Accipe,
453 2239 477 2283 δι
490 2232 596 2283 advesias
613 2235 773 2299 Pygmalionis
787 2251 853 2300 opes.
896 2294 898 2301 Ι

298 2311 363 2361 Ilion
374 2317 398 2361 in
414 2314 512 2375 Tyriam
524 2314 624 2361 transfer
636 2313 727 2362 felicius
739 2315 836 2363 urbem:
851 2358 854 2365 .

333 2390 466 2455 Hancque,
480 2390 561 2440 locum
574 2395 655 2455 regni,
668 2394 805 2458 sceptraque
820 2395 898 2452 sacra,
915 2408 978 2444 tene.

243 2499 246 2503 >
299 2468 323 2516 si
339 2467 382 2515 tibi
397 2484 463 2515 mens
477 2466 545 2516 avida
562 2469 595 2517 est
606 2470 676 2528 belii,
691 2474 710 2519 si
722 2474 806 2536 quaerit
817 2471 902 2533 iulus,

332 2544 403 2594 Unde
414 2548 456 2594 suo
468 2561 546 2610 partus
558 2547 636 2596 Marte
646 2550 779 2613 triumphus
791 2566 846 2608 eat3

254 2623 379 2695 155Quem
389 2626 481 2690 superet
493 2659 500 2683 ‚
513 2642 542 2673 ne
555 2623 614 2691 quid
624 2624 698 2684 desit,
714 2628 871 2691 praebebimus
882 2629 985 2680 hostem.

332 2703 378 2753 Hic
391 2706 454 2767 pacis
468 2703 547 2769 leges,
565 2706 604 2751 hic
620 2703 686 2752 locus
698 2720 763 2752 arma
773 2708 845 2768 capit.

299 2780 338 2831 Tu
352 2780 444 2836 modo,
455 2798 496 2847 per
507 2796 626 2840 matrem,
636 2781 785 2847 fraternaque
799 2781 864 2841 tela,
876 2784 991 2847 sagittas,

332 2861 423 2926 Perque
435 2859 496 2924 fuge
508 2862 625 2918 comites,
640 2858 752 2908 Dardana
763 2861 842 2920 sacra,
855 2858 935 2908 Deos:

301 2938 311 3005 (
323 2939 360 2986 Sic
372 2939 498 3002 superent,
511 2953 674 3002 quoscumque
691 2936 731 2985 tui
742 2934 771 2986 de
782 2953 852 3002 gente
863 2953 988 3002 reportas,

196 3076 198 3081 Α
255 3033 300 3072 160
333 3015 398 3063 Mars
410 3013 472 3062 serus
487 3012 619 3064 &damnis
634 3019 665 3063 sit
675 3013 762 3064 modus
777 3015 818 3064 ille
830 3019 893 3077 tuis,

299 3093 459 3159 Ascaniusque
470 3095 523 3142 suos
535 3092 637 3142 feliciter
650 3092 749 3156 impleat
762 3109 854 3154 annos,

333 3169 363 3218 Et
374 3170 434 3218 senis
445 3169 551 3219 Anchisae
563 3169 670 3219 molliter
679 3165 729 3218 ossa
740 3171 847 3231 cubent)

301 3247 372 3296 Parce
387 3264 471 3312 precor
478 3245 580 3308 domui,
592 3263 645 3314 quae
658 3249 681 3296 se
690 3247 734 3298 tibi
746 3246 819 3299 tradit
828 3247 983 3311 habendam,-

333 3321 407 3388 Quod
417 3327 508 3375 crimen
520 3322 593 3403 dicis„
606 3340 691 3395 praeter
701 3321 788 3392 amasse
795 3361 804 3389 ,
820 3331 919 3385 meum?
