2367 3992
271 590 338 673 146
382 577 873 652 ovrnrranoruu
920 608 927 617 ’-

299 709 379 755 Prima
392 720 463 755 vocas
473 700 553 752 tardos
564 703 674 768 subiuga
687 700 765 766 panda
776 702 858 750 boves.

265 786 305 835 Tu
317 801 400 850 pueros
415 785 500 832 somno
511 777 621 841 fraudas,
636 779 755 846 tradisque
766 781 901 855 magistriss

298 863 333 913 Ut
349 864 447 911 subeant
458 870 542 910 tencrae
552 860 651 909 verbera
664 860 725 910 saeva
737 876 831 909 manus.

217 955 250 988 ao
266 943 343 1007 Atque
355 939 438 990 eadem
450 940 562 1004 sponsum
573 938 677 987 consulti
688 952 742 988 ante
752 939 913 1001 atriamittis,

298 1018 374 1067 Unius
388 1033 415 1067 ut
430 1017 495 1067 verbi
506 1013 604 1080 grandia
614 1013 703 1064 darnua
716 1015 786 1066 ferat.

265 1095 315 1145 Nec
327 1111 353 1144 tu
363 1092 500 1153 causidico,
516 1110 560 1143 nec
571 1107 598 1143 tu
607 1092 713 1158 jucunda
723 1091 812 1144 diserto
824 1113 832 1144 r

296 1171 400 1238 Cogitur
415 1170 445 1222 ad
457 1172 510 1221 lites
521 1173 614 1236 surgere
625 1186 724 1238 uterque
733 1189 817 1222 novas.

264 1250 320 1310 Tu,
336 1250 391 1300 crim
406 1248 504 1299 feminei
516 1253 608 1315 possint
618 1245 704 1299 ccffate
716 1250 827 1312 labores,

216 1331 244 1378 25
295 1326 816 1392 Lanificanrrevocasarlsuapensamauunr.

264 1405 353 1454 Omnia
362 1421 496 1471 perpeterer
507 1424 514 1455 r
525 1403 567 1454 scd
577 1407 670 1470 surgere
680 1421 750 1455 mane
760 1405 852 1470 puellas

296 1483 371 1543 Quis3
383 1486 435 1533 'nisi
445 1487 483 1532 cui
495 1500 545 1533 non
554 1482 586 1539 est
598 1483 648 1532 ulla
660 1483 756 1548 puella,
772 1484 853 1534 ferat?

262 1562 352 1626 Optavi
362 1565 473 1626 quotics,
486 1579 515 1610 nc
522 1577 571 1610 nox
582 1562 626 1611 tibi
637 1560 719 1611 cedere
727 1561 815 1611 vellet!

295 1640 349 1689 Neu
360 1640 470 1704 fugerent
478 1639 558 1690 vultus
568 1636 645 1693 sidera
656 1655 724 1688 mota
734 1639 802 1688 tuos!

217 1731 247 1777 30
263 1717 351 1783 Optavi
365 1721 476 1782 quoties,
489 1732 530 1766 aut
540 1732 625 1765 ventus
636 1716 756 1781 frangeret
766 1733 833 1767 arem
839 1751 849 1778 ‚

295 1795 344 1844 Aut
354 1792 448 1843 caderet
458 1794 530 1859 spissi
540 1795 603 1843 nube
615 1810 720 1844 retentus
728 1811 800 1861 equus
810 1795 817 1844 Ξ

262 1869 361 1933 invida,
374 1871 423 1937 quo
434 1875 563 1939 properas?
576 1870 644 1938 quod
655 1888 705 1922 erat
716 1875 759 1922 tibi
772 1871 837 1924 filius
849 1890 916 1937 ater,

295 1951 399 2000 Materni
410 1950 487 2000 fuerat
497 1954 598 2016 pecieris
607 1951 649 1999 ille
660 1951 737 2001 color.

263 2034 274 2088 [
286 2026 371 2090 Quid?
386 2033 464 2078 sinon
477 2027 579 2093 Cephali
591 2027 715 2094 quondam
726 2029 845 2097 flagrasset
854 2049 938 2083 amore
945 2067 957 2099 ,

214 2121 241 2166 35
292 2108 330 2156 rin
341 2123 408 2173 putat
417 2111 526 2174 ignotam
537 2111 671 2174 nequitiam
683 2105 729 2159 effe
739 2112 822 2160 suam?
836 2117 848 2173 ]

262 2184 370 2235 Tithono
383 2185 473 2236 vellem
488 2183 518 2235 de
529 2200 552 2236 tc
564 2202 659 2235 narrare
673 2186 773 2237 liceret:

294 2263 383 2314 Fabula
392 2281 442 2314 non
452 2264 516 2314 coelo
528 2266 620 2330 turpior
630 2263 680 2331 ulla
690 2264 762 2316 foret.

261 2339 334 2390 Illum
350 2341 409 2392 dum
420 2343 521 2408 refugis,
534 2343 609 2408 longo
620 2346 677 2409 quia
687 2343 788 2410 frigidus
800 2358 868 2407 aevo,

294 2422 374 2485 Surgis
388 2419 419 2470 ad
433 2422 519 2471 invisas
532 2439 546 2470 a
557 2422 612 2470 sene
626 2437 697 2471 mane
707 2437 781 2472 rotas.

213 2505 246 2551 4ο
262 2498 293 2549 At
303 2500 322 2546 si
333 2515 404 2564 quem
413 2500 522 2549 manibus
534 2498 670 2564 Cephalum
682 2499 808 2565 complexa
817 2515 925 2560 tenerer,

294 2576 434 2639 clamares,
446 2576 519 2627 Lenti
530 2581 616 2627 currite
628 2580 703 2626 noetis
716 2581 780 2644 equi.

262 2654 314 2708 Cur
328 2671 372 2720 ego
383 2655 470 2722 pleaar
484 2672 579 2716 amans,
591 2658 657 2706 sivir
668 2657 712 2705 tibi
722 2671 814 2707 marcet
821 2656 851 2707 ab
861 2659 949 2708 aruris!

295 2733 362 2783 Num
372 2751 411 2784 me
421 2734 518 2800 nupsisti
528 2734 672 2784 conciliante
683 2736 731 2783 seni
741 2737 751 2784 i

263 2812 362 2878 Aspice,
376 2829 436 2880 quot
446 2815 543 2863 somnos
552 2816 634 2878 juveni
646 2810 743 2862 donarit
753 2827 834 2863 amato

213 2912 243 2958 45
295 2891 363 2940 Luna
371 2902 461 2958 :neque
471 2889 536 2939 illius
547 2890 626 2941 forma
638 2889 739 2940 secunda
749 2906 804 2941 tuae.

263 2967 316 3034 Ipse
330 2969 410 3020 Derim
421 2972 532 3036 genitor,
543 2985 574 3018 ne
584 2983 607 3017 te
621 2983 671 3018 tam
681 2970 741 3034 sape
750 2968 863 3035 videret,

297 3046 514 3098 Commisitnoiies
524 3048 550 3096 in
564 3047 605 3096 sua
615 3061 674 3095 vota
679 3043 747 3096 duas.

264 3126 345 3190 iurgia
359 3123 467 3174 finierant
477 3141 484 3173 r
496 3125 566 3174 scires
579 3119 683 3183 audisse3
697 3125 817 3179 rubebatr

298 3203 350 3255 Nec
360 3218 440 3256 tamen
449 3198 540 3255 affueto
551 3200 640 3256 tardiris
650 3216 704 3255 orta
714 3202 774 3255 dier.
