2367 3992
266 505 337 570 294
407 481 602 548 Ovrnrr
637 484 867 551 NAsours

264 606 345 656 Limes
362 619 412 655 erat
432 607 523 666 tenuis,
540 603 614 670 longi
625 605 763 655 subnubilus
780 606 880 664 umbri,

215 685 266 727 ‘00
298 685 353 745 Quo
366 683 421 733 tulit
429 683 472 733 illa
488 685 540 732 suos
551 682 582 733 ad
589 701 655 734 mare
665 687 725 752 saepe
734 683 816 751 pedes.

264 762 336 814 Nona
350 764 468 813 terebatur
478 765 569 830 miserae
581 767 629 814 via.
641 762 755 820 Videris,
767 768 867 833 inquit:

289 842 321 892 Et
335 845 422 907 spellat
434 859 521 892 zonam
537 841 628 907 pallida
642 841 703 892 sabia
712 845 789 894 suam.

262 923 354 988 Aspicit
371 925 395 970 ὅ(
408 938 505 981 ramos,
520 918 615 971 dubitat
628 939 634 968 r
646 921 782 989 refugitque
790 923 861 990 quod
870 923 940 976 audet
949 930 965 976 ε’·

295 1001 326 1050 Et
344 1003 428 1048 timet:
441 1003 466 1048 bt
477 997 565 1064 digitos
576 997 608 1049 ad
619 1001 660 1048 sua
670 1000 736 1050 colla
745 1001 829 1052 refert.

214 1080 374 1139 6058ithoni,
387 1094 443 1128 tunc
456 1077 519 1128 certi
527 1079 617 1130 vellem
628 1095 678 1128 non
688 1079 740 1129 sola
752 1078 853 1140 suisses3

296 1156 355 1206 Non
364 1155 432 1206 fleres
443 1159 526 1223 positis
537 1154 666 1220 Phyllida,
681 1157 759 1218 silva,
777 1163 864 1210 comis.

262 1234 381 1298 Phyllidis
392 1236 502 1301 exemplo
513 1234 616 1285 nimium
627 1236 714 1286 secreta
725 1238 827 1298 timete,

296 1314 360 1363 Laese
377 1316 437 1364 vira
454 1313 567 1373 domina,
579 1313 634 1363 laesa
650 1313 730 1379 puella
744 1310 811 1366 viro.

264 1393 406 1442 Praestiterat
415 1395 522 1458 juvenis,
534 1391 650 1458 quicquid
659 1410 713 1442 mea
723 1394 794 1444 Musa
803 1397 923 1462 jubebat3

217 1472 231 1512 6
235 1479 264 1511 ¹0
297 1472 372 1538 lnque
385 1474 431 1521 suae
443 1485 514 1538 portu
525 1487 591 1538 paene
608 1471 689 1521 salutis
705 1477 765 1523 einr.

264 1550 378 1610 Recidit,
396 1566 422 1600 ut
441 1549 540 1615 cupidos
549 1552 611 1598 inter
622 1548 719 1600 devenit
728 1566 837 1602 amantes
849 1571 856 1602 r
911 1590 913 1598 .

296 1628 327 1676 Et
340 1664 349 1689 ,
369 1646 422 1694 qua
435 1627 596 1689 condiderat,
612 1629 660 1678 tela
670 1631 781 1679 resumsit
791 1631 878 1680 Amor.

264 1710 288 1758 Si
302 1711 355 1776 quis
370 1724 434 1757 amas
445 1744 453 1768 ‚
466 1724 510 1758 nec
520 1711 555 1757 vis
568 1725 576 1766 ς
588 1707 663 1758 facito
676 1710 788 1777 contagia
805 1711 877 1758 vites.

297 1787 354 1836 Hac
370 1790 443 1837 etiarn
460 1790 539 1852 pecori
557 1789 616 1852 sape
627 1803 713 1836 nocere
723 1782 811 1836 solent.

218 1864 332 1932 615Dum
348 1868 452 1930 spesiant
467 1865 533 1915 oculi
548 1866 615 1913 laesos
627 1900 635 1924 ,
648 1862 767 1914 laeduntur
778 1868 803 1912 ὃ(
820 1868 886 1930 ipsi:

297 1939 424 2009 Multaque
439 1945 577 2009 corporibus
589 1946 728 1993 transitione
738 1959 839 1994 nocent.

264 2023 293 2073 In
305 2023 358 2072 loca
368 2039 551 2088 nonnumquam
563 2024 630 2071 siccis
641 2025 730 2071 arentia
741 2021 819 2085 glebis

277 2149 280 2154 .
296 2100 335 2150 De
351 2118 425 2167 prope
438 2105 542 2151 currenti
552 2100 652 2151 flumine
666 2116 748 2150 manat
763 2117 836 2168 aqua.

264 2180 350 2229 Manat
361 2197 429 2229 amor
447 2183 533 2240 rebius,
552 2173 632 2229 sinon
645 2181 674 2228 ab
685 2194 780 2229 amante
791 2179 887 2231 recedas
899 2199 906 2229 r

216 2264 264 2300 620
297 2259 425 2324 Turbaque
442 2260 467 2307 in
486 2264 533 2309 hoc
545 2276 629 2308 omnes
643 2260 766 2324 ingeniosa
781 2261 871 2310 sumus.

264 2336 331 2385 Alter
346 2334 412 2385 idem
421 2341 471 2401 iam
485 2339 553 2385 sanus
566 2353 631 2395 erat3
642 2340 730 2385 vicinia
745 2337 820 2386 laesit:

296 2416 428 2465 Occursum
438 2414 542 2464 dominre
553 2432 604 2464 non
614 2414 670 2464 tulit
680 2414 721 2464 ille
732 2417 788 2464 sure.

264 2495 358 2544 Vulnus
375 2498 400 2543 in
416 2497 541 2560 antiquum
552 2492 623 2543 rediit
634 2492 697 2544 mali
711 2492 782 2542 firma
796 2497 910 2554 cicatri13
959 2538 965 2556 x

296 2571 479 2639 Successumque
497 2588 557 2622 artes
571 2589 622 2623 non
635 2573 737 2621 habuere
749 2588 819 2623 meae.

217 2653 389 2717 625Proximus
407 2669 420 2701 a
431 2654 496 2700 tectis
506 2654 567 2716 ignis
581 2649 718 2700 defenditur
730 2666 791 2716 aegre
801 2668 810 2711 3

298 2731 364 2780 Utile
380 2729 489 2780 finitimis
506 2725 640 2779 abllinuill'e
656 2728 724 2777 locis.

265 2808 336 2863 Nee,
354 2826 407 2874 quae
425 2808 485 2858 ferre
503 2808 563 2857 solet
574 2808 713 2872 spatiantem
726 2807 835 2872 porticus
846 2808 932 2869 illam,

297 2881 333 2934 Te
349 2887 420 2936 ferar:
430 2886 537 2937 officium
547 2903 607 2935 neve
622 2886 716 2935 colatur
725 2883 802 2935 idem.

265 2962 331 3024 Quid
347 2967 413 3028 iuvat
429 2963 554 3013 admonitu
573 2961 678 3029 tepidam
691 2964 833 3015 recalescere
842 2968 964 3016 mentem?

215 3045 265 3098 630
297 3042 382 3102 Alter,
398 3045 416 3089 si
432 3044 525 3106 possis,
544 3041 608 3090 orbis
624 3040 747 3091 habendus
758 3045 822 3092 ·erit.
851 3065 856 3070 -

265 3123 323 3174 Non
342 3121 412 3171 facile
423 3123 525 3170 esuriens
540 3119 618 3186 positi
632 3122 763 3171 retinebere
775 3120 873 3172 mensal:
886 3107 898 3168 ⁸.

296 3202 328 3252 Et
346 3199 450 3252 inultam
460 3200 543 3250 saliens
554 3202 640 3250 incitat
652 3197 717 3249 unda
726 3201 802 3249 sitim.
