2367 3992
278 477 335 527 mr
360 456 477 529 Arra
505 456 697 528 Aurum
722 460 760 528 L.
786 463 818 529 Ι.
860 469 931 550 207'

207 577 246 628 Et
259 582 319 632 mihi
330 579 399 632 cedet
410 583 501 640 Amor3
515 584 625 647 quamvis
636 597 691 629 mea
698 579 808 632 vulneret
821 599 877 632 arcu

246 659 342 709 Peiiora
353 696 362 720 ,
373 663 469 726 jaEiatas
482 663 632 726 excutiatque
649 659 720 709 faces.

208 735 277 797 Quo,
285 755 325 787 me
336 737 389 787 fixit
399 739 476 788 Amor
484 775 492 799 ‚
501 755 551 805 quo
561 755 601 787 me
614 738 744 788 violentius
758 741 816 788 ussit
826 756 836 799 3

245 813 300 862 Hoc
320 816 406 865 melior
421 816 477 866 fasti
489 817 594 868 vulneris
608 816 673 866 ultor
688 834 737 867 ero.

206 890 271 942 Non
283 909 343 958 ego,
361 896 451 944 Photbe
465 929 473 955 ‚
485 893 551 945 datas
562 910 608 945 ate
618 897 679 944 mihi
690 897 793 945 mentiar
803 909 877 945 attere

245 970 297 1020 Nec
311 990 354 1022 nos
366 977 433 1023 a'e‘riae
446 991 507 1024 voce
517 981 646 1025 monemur
656 978 721 1026 avis:

206 1046 263 1097 Nec
275 1052 336 1099 mihi
349 1053 402 1102 sunt
412 1054 467 1101 visae
479 1052 539 1103 Clio
550 1053 669 1120 Cliusque
680 1055 789 1114 sorores,

244 1129 352 1178 Servanti
366 1130 468 1194 pecudes
480 1130 600 1191 vallibus,
619 1134 690 1182 Ascra
701 1167 710 1191 ‚
723 1135 779 1180 tuis.
825 1165 827 1168 -

206 1203 273 1253 Usus
284 1222 344 1270 opus
355 1222 438 1259 movet
447 1210 509 1257 hotr
521 1212 570 1258 tati
578 1224 658 1273 parete
669 1212 755 1274 petito.

244 1283 310 1332 Vera
326 1301 423 1334 canam:
434 1289 534 1351 creptis,
553 1301 630 1336 mater
644 1289 757 1345 Amoris,
769 1283 833 1336 ader.

205 1359 263 1411 Este
274 1363 359 1426 procul
369 1368 434 1413 vittae
445 1380 540 1424 tenues,
551 1368 643 1430 insigne
653 1363 770 1430 pudoria3

245 1440 353 1507 Quaeque
368 1445 427 1508 tegis
438 1441 530 1493 medios
541 1478 549 1502 ,
561 1444 640 1492 instita
651 1444 741 1508 longa,
753 1440 834 1508 pedet.

207 1518 264 1570 Nos
277 1521 395 1571 Ventrem
407 1537 500 1582 tutam,
511 1519 669 1587 conceffaque
680 1522 761 1581 furta,
773 1535 902 1570 canemus:
941 1514 943 1518 ’

245 1599 319 1664 Inque
332 1617 387 1650 meo
399 1601 493 1650 nullum
505 1605 610 1651 carmine
622 1605 714 1650 crimen
724 1603 778 1649 erit.

206 1679 347 1742 Principio,
360 1677 427 1744 quod
440 1691 521 1729 amare
533 1679 607 1738 velis,
619 1682 720 1743 reperire
730 1679 829 1738 labora,

246 1755 294 1816 Qui
304 1773 366 1807 nova
375 1773 439 1806 nuuc
451 1755 557 1821 primum
574 1756 644 1805 miles
655 1760 681 1805 in
694 1773 760 1806 arma
771 1758 848 1806 venis.

208 1833 336 1884 Proximus
349 1837 405 1885 huic
417 1836 486 1885 labor
493 1835 526 1882 est
536 1870 543 1894 ,
556 1834 670 1899 placitam
680 1852 777 1884 exorare
788 1833 904 1900 puellam.

245 1912 354 1974 Tertius,
367 1929 393 1962 ut
402 1914 478 1979 longo
490 1907 599 1978 tempore
610 1912 679 1962 duret
690 1929 766 1961 amor.

208 1991 259 2041 Hic
277 1991 380 2043 modus:
393 1994 443 2041 haec
454 1993 535 2041 nostro
547 1993 678 2057 signabitur
691 2008 744 2040 area
754 2007 841 2040 curru:

245 2068 302 2119 Haec
313 2073 357 2120 erit
371 2069 473 2119 admissa
485 2085 548 2118 meta
559 2067 657 2119 terenda
672 2069 734 2119 torti.

208 2148 278 2198 Dum
290 2148 362 2202 licet,
379 2153 403 2198 &
413 2150 470 2197 loris
481 2152 569 2215 passim
579 2163 647 2213 potes
658 2151 691 2196 ire
701 2146 803 2205 solutio

244 2227 326 2292 Elige,
338 2230 376 2276 cui
389 2225 470 2287 dicar,
483 2228 522 2275 Tu
532 2230 592 2276 mihi
603 2227 654 2276 sola
663 2227 750 2292 places.

208 2305 269 2356 Haec
285 2308 390 2356 ribinon
401 2321 482 2355 tenues
491 2310 572 2357 veniet
580 2304 675 2371 delapsa
683 2323 725 2371 per
735 2321 817 2355 auras:

244 2383 378 2445 Quaerenda
388 2385 420 2433 est
430 2385 506 2434 oculis
517 2401 573 2450 apta
583 2385 663 2451 puella
674 2388 729 2434 tuis.

208 2463 261 2511 Scit
275 2464 335 2512 bene
348 2478 462 2523 venator,
475 2468 548 2512 cervis
560 2467 601 2512 ubi
612 2467 672 2514 retia
683 2461 780 2513 tendat:

245 2543 294 2591 Scit
305 2544 380 2603 bene,
393 2543 441 2610 qui
451 2541 561 2593 frendens
571 2541 634 2591 valle
644 2557 751 2590 moretur
766 2555 831 2603 aper.

211 2620 349 2686 Aucupibus
359 2628 411 2673 noti
423 2622 519 2670 frutices
531 2639 538 2668 ε
549 2623 591 2686 qui
601 2619 698 2668 sustinet
708 2621 792 2667 hamos
803 2652 814 2676 ,

245 2699 321 2749 Novit
336 2717 388 2766 quae
400 2699 480 2749 multo
491 2700 553 2763 pisce
563 2712 674 2746 natentur
685 2712 760 2761 aque.

206 2779 251 2827 'Tu
264 2795 374 2845 quoque,
388 2781 513 2828 materiam
524 2775 599 2841 longo
610 2778 652 2841 qui
663 2777 747 2840 quaeris
759 2771 852 2835 amori,

245 2859 321 2912 Ante,
337 2858 446 2923 frequens
457 2873 508 2923 quo
522 2857 569 2914 sit,
582 2852 663 2914 disce,
675 2852 754 2918 puella
765 2851 830 2901 loco.

211 2933 270 2984 Non
285 2952 330 3001 ego
342 2951 485 3000 querentem
496 2950 569 2984 vento
580 2932 636 2983 dare
646 2932 699 2982 vela
710 2931 815 2998 Jubebo:

244 3015 295 3064 Nec
308 3017 370 3073 tibi,
384 3018 542 3073 urimenus,
555 3014 628 3079 longa
641 3010 737 3063 terenda
747 3014 786 3061 via
797 3011 842 3061 est.

211 3091 384 3144 Andromedan
395 3095 488 3142 Perseus
499 3096 570 3160 nigris
581 3097 682 3160 portarit
692 3092 720 3141 ab
731 3089 815 3149 indis,

245 3175 367 3243 Raptaque
378 3176 409 3224 sit
420 3173 523 3240 Phrygio
534 3174 606 3240 Graja
616 3171 696 3239 puelia
709 3173 784 3222 viror
