2367 3992
229 551 316 618 .152
362 529 578 597 OVIDJI
613 526 865 599 Attonurt

217 662 228 712 5
247 653 372 710 Protinus,
385 666 411 700 ut
421 650 528 716 placuit,
539 650 613 710 misi,
624 653 759 716 scriptoque
771 654 866 716 rogavi.

280 730 408 794 Rescripsit
419 726 526 793 trepidi,
539 727 597 777 Non
608 728 665 777 licet
672 763 681 789 ,
694 728 736 778 illa
750 745 833 779 manu.

244 806 291 868 E't,
310 823 352 856 cur
360 824 411 856 non
421 806 508 865 liceat,
521 810 653 873 quaerenti,
666 805 760 857 reddita
770 809 841 856 causa
851 809 900 869 esl3

278 883 352 947 Quod
362 888 465 934 nimium
476 883 580 937 dominae
591 902 647 935 cura
660 885 760 935 molesia
769 899 811 934 tua
820 885 863 934 esti

245 967 269 1014 Si
285 966 361 1029 sapis,
373 963 389 1012 ὃ
400 964 494 1024 custos,
506 961 605 1024 odium,
618 967 680 1012 mihi
694 962 780 1017 crede,
791 965 880 1013 mereri

200 1057 228 1089 10
278 1042 379 1090 Desine:
391 1057 463 1108 quem
474 1046 561 1091 metuit
572 1045 690 1108 quisque,
703 1039 787 1106 periise
798 1045 874 1106 cupit.

245 1119 290 1170 vir
303 1136 400 1185 quoque
413 1136 463 1169 non
474 1122 563 1184 sapiens
574 1139 581 1169 t
592 1118 652 1186 quid
663 1124 727 1169 enim
738 1122 829 1169 servare
840 1120 951 1182 laboret,

276 1195 348 1246 Unde
359 1197 420 1247 nihil
431 1231 439 1259 ‚
451 1201 559 1264 quamvis
569 1214 620 1248 non
631 1213 724 1253 tueare,
735 1201 797 1263 perit
808 1200 817 1246 Ξ

244 1274 291 1325 Sed
305 1292 371 1342 gerat
384 1277 426 1325 ille
441 1278 484 1325 suo
498 1293 591 1326 morem
603 1274 704 1326 furiosus
716 1279 812 1325 amori:

276 1353 308 1404 Et
325 1354 432 1410 castum,
446 1355 528 1404 multis
544 1353 611 1420 quod
623 1355 718 1419 placet,
731 1351 777 1404 esl'e
787 1369 868 1421 putet.

199 1440 225 1487 15
244 1431 307 1482 Huic
324 1432 413 1484 furtiva
424 1449 465 1484 tuo
477 1433 572 1482 libertas
587 1449 686 1482 munere
699 1431 786 1492 detur;

277 1509 360 1572 Quam
374 1510 466 1561 dederis
481 1511 518 1559 illi
527 1522 538 1570 ,¹
548 1509 633 1561 reddat
644 1527 670 1560 ut
681 1511 724 1560 illa
735 1512 787 1561 tibi.

244 1589 362 1640 Conscius
374 1588 420 1638 else
433 1590 506 1640 velis:
520 1588 619 1638 domina
630 1590 665 1639 est.
673 1591 777 1640 obnoxia
787 1590 867 1640 servo·

277 1666 394 1717 Conscius
405 1664 451 1714 effe
464 1670 548 1714 times:
561 1665 709 1716 dissimulare
721 1668 786 1716 licet.

243 1745 335 1808 Scripta
347 1743 411 1808 loget
421 1745 514 1792 secum:
525 1759 627 1793 matrem
639 1742 727 1793 misisse
738 1760 833 1808 putato.

195 1825 227 1857 ²0
276 1822 375 1871 Venerit
390 1824 507 1887 ignotus:
522 1820 649 1886 postmodo
663 1839 734 1872 notus
745 1838 792 1871 cat.

242 1901 290 1949 Ibit
300 1899 331 1948 ad
343 1898 451 1951 affectam
461 1936 468 1959 ‚
479 1916 531 1966 quae
542 1918 592 1949 non
603 1900 742 1966 languebit,
753 1903 858 1951 amicant

275 1980 356 2029 Visere
366 1996 374 2037 ς
386 1976 481 2044 iudiciis
491 1995 553 2043 aegra
563 1982 594 2028 sit
601 1978 643 2028 illa
654 1981 708 2029 tuis.

242 2059 266 2107 Si
278 2057 350 2107 faciet
365 2055 431 2119 tardi
442 2075 449 2116 3
461 2074 491 2105 ne
504 2072 526 2117 te
538 2074 606 2106 mora
617 2056 690 2121 longa
700 2055 806 2120 fatiget,

274 2135 389 2200 Impositi
399 2139 490 2200 gremio
502 2135 595 2184 stertere
606 2135 685 2185 fronte
696 2150 773 2200 potes.

194 2222 221 2270 25
242 2212 294 2264 Nec
314 2227 339 2262 tu
351 2248 359 2272 ,
374 2213 502 2277 linigeram
515 2212 567 2261 fieri
576 2212 636 2279 quid
647 2216 721 2278 possit
731 2211 762 2262 ad
773 2211 841 2274 Isin,'

275 2290 399 2350 Quaesieris
411 2309 418 2338 a
430 2307 474 2339 nec
486 2304 512 2339 tu
527 2307 599 2340 curva
612 2294 703 2344 theatra
714 2295 781 2345 time.

241 2367 360 2418 Conscius
374 2364 480 2417 asiduus
491 2371 614 2419 commissi
630 2369 701 2421 tollet
711 2353 824 2422 itonotes.

274 2447 333 2506 Quis
349 2449 429 2495 minor
438 2446 470 2496 est
484 2462 580 2508 autem,
594 2446 669 2513 quim
681 2446 791 2508 tacuisse,
805 2448 874 2498 labor
886 2451 897 2500 i

240 2523 285 2572 llle
297 2523 390 2588 placet,
405 2526 528 2590 versatque
541 2523 663 2585 domum,
678 2542 756 2592 neque
766 2529 864 2580 verbera
875 2529 965 2580 sentit:

194 2610 224 2654 30
273 2603 318 2651 llle
327 2619 425 2669 potens:
434 2602 490 2664 alii,
503 2601 598 2652 sordida
609 2605 692 2663 turba,
704 2609 791 2668 iacent.

239 2681 321 2740 Huic,
337 2697 397 2732 verae
410 2696 436 2730 ut
448 2680 538 2730 lateant
548 2684 622 2730 causat
633 2681 773 2746 ,finguntur
782 2685 880 2734 inanest
931 2710 934 2715 ·

273 2760 350 2824 Atque
367 2760 438 2808 ambo
453 2756 564 2818 domini,
581 2759 647 2824 quod
658 2763 744 2824 probat
755 2778 818 2821 una,
832 2764 948 2828 probant.

239 2833 306 2885 Ctlm
317 2834 376 2884 beni
393 2839 430 2885 vir
443 2839 514 2885 traxit
524 2837 619 2885 vultum
629 2872 637 2897 ‚
647 2855 763 2904 rugasque
771 2844 868 2905 co'e'git3

272 2909 346 2971 Quod
356 2912 435 2963 voluit
446 2911 498 2961 fieri
511 2912 598 2962 blanda
608 2915 704 2981 puella,
718 2917 785 2967 satit.

174 3005 178 3016 ·
192 2983 219 3032 ³5
238 2986 285 3040 Sed
303 3004 383 3038 tamen
392 2986 514 3060 intertium
528 3004 609 3038 tecum
620 3007 716 3057 quoque
727 2997 804 3060 jurgia
814 2999 894 3048 neilat
902 3015 917 3062 ·,

271 3066 303 3117 Et
315 3063 412 3115 simulet
428 3064 560 3128 lacrymas,
577 3067 762 3138 carnificemque
771 3086 853 3126 vocet.

240 3146 280 3198 Tu
298 3157 382 3194 contra
397 3143 527 3208 objiciens,
544 3161 597 3211 quae
610 3146 664 3196 tuto
676 3146 753 3198 diluat
766 3149 826 3215 illa²

270 3223 299 3280 In
308 3238 408 3288 vetum.
422 3221 483 3276 salso
497 3226 597 3277 crimine
605 3260 615 3289 ‚
628 3224 698 3279 derne
712 3225 798 3287 fidem.
827 3220 831 3229 ¹
