2367 3992
267 442 335 510 230
405 415 603 484 Ovroir
639 411 868 478 NAsonrs

296 555 494 616 Semibovemque
505 552 600 608 virum,
614 547 799 610 semivirumque
810 543 913 598 bovem}

217 652 244 698 ²5
265 636 300 684 sir
315 630 401 682 modus
413 628 511 687 exsilio,
523 624 604 685 dixit,
615 626 739 688 justissime
752 623 851 670 Minose

297 712 403 775 Accipiat
418 712 505 757 cineres
517 721 578 754 terre
588 719 684 769 paterna
700 717 775 750 meos.

263 789 295 839 Et
305 791 419 854 quoniam
431 790 455 834 in
466 787 559 849 patria,
575 782 630 831 fatis
641 783 742 845 agitatus
753 779 860 842 iniquis,

297 866 383 915 Vivere
394 880 444 913 nou
460 865 544 925 potui,
557 863 587 908 sit
604 862 663 906 mihi
675 853 740 922 poffe
751 858 825 905 mori.

264 943 303 992 Da
318 941 422 991 reditum
433 956 506 1004 puero
519 973 526 993 ‚
538 939 598 985 senis
610 936 642 984 cst
651 937 758 1000 si-gratia
768 934 823 983 vilis
835 951 842 982 e

218 1033 248 1077 30
297 1022 321 1068 Si
335 1035 384 1068 non
397 1021 431 1065 vis
444 1034 518 1082 puero
529 1032 622 1080 parcere
633 1049 641 1072 ‚
653 1030 721 1079 parce
733 1014 792 1064 seui.
841 1033 849 1039 ’

263 1095 363 1146 Dixerat
378 1100 426 1144 haec
439 1113 445 1143 ι
458 1092 498 1143 sed
511 1098 535 1144 ὅ(
547 1095 614 1150 haec,
632 1095 656 1141 &
666 1091 746 1140 multo
756 1090 825 1156 plura
839 1089 928 1140 licebat

295 1173 381 1223 Dicere
395 1191 402 1231 ς
414 1168 526 1237 regreiius
537 1188 586 1219 non
598 1168 669 1229 dabat
680 1170 721 1217 iile
732 1172 795 1217 viro.

263 1248 336 1311 Quod
347 1250 452 1300 simulac
462 1252 550 1309 sensit,
564 1248 634 1297 Nunc
643 1283 651 1307 ‚
661 1246 677 1296 ὃ
688 1264 770 1312 nunc,
781 1243 900 1306 Daedale,
911 1241 974 1302 dixit,

295 1330 438 1386 Materiam,
454 1328 501 1394 qui
517 1331 546 1376 sis
561 1328 714 1390 ingeniosus.
730 1325 810 1373 habes.

217 1431 243 1476 35
263 1405 371 1457 Possidet
381 1424 410 1456 en
426 1422 512 1464 tetras,
531 1408 555 1454 ὃ(
567 1401 673 1468 possidet
683 1419 778 1468 aequora
789 1403 888 1450 Minose

296 1484 347 1535 Nee
367 1485 436 1533 tellus
449 1483 546 1541 nostre,
559 1498 603 1530 nec
612 1497 678 1545 patet
694 1478 775 1541 unda,
788 1479 863 1545 fugae.

263 1561 343 1611 Restat
358 1565 403 1610 iter
418 1561 496 1610 cerlo:
506 1559 570 1608 coelo
581 1559 724 1607 tentabimus
736 1563 780 1608 ire.

297 1638 334 1687 Da
345 1641 439 1686 veniam
455 1652 552 1701 coepto,
564 1636 671 1701 iuppiter
682 1636 745 1695 alte,
756 1654 824 1687 meo.

263 1715 321 1766 Non
337 1732 382 1780 ego
394 1713 494 1765 sidereas
508 1711 594 1763 affer
605 1728 700 1781 tangere
711 1712 777 1763 sedes
790 1733 797 1763 e

214 1813 246 1859 40
297 1794 351 1856 Qui
364 1794 456 1859 fugiam
474 1790 602 1842 dominum
614 1792 682 1840 nulla
693 1826 701 1850 ‚
712 1795 757 1855 nisi
765 1791 825 1850 ista,
837 1794 929 1843 viaest.

264 1875 307 1923 Per
318 1876 391 1937 Styga
403 1868 528 1930 deturiter
539 1905 547 1929 ,
560 1871 654 1934 Stygiis
665 1872 811 1926 tranebimus
823 1868 917 1921 undas:

297 1953 349 2000 Sint
359 1952 420 1998 mihi
430 1965 521 1997 mturae
529 1953 583 2012 jura
594 1945 704 1997 novanda
719 1965 787 1998 meae.

263 2029 389 2094 Ingenium
401 2028 465 2077 mula
476 2029 535 2091 saepe
546 2042 646 2074 movent
654 2029 719 2090 :quis
728 2024 834 2076 crederet
845 2043 961 2092 umquem

295 2107 375 2155 A'e'rias
385 2109 510 2155 hominem
522 2121 616 2170 carpere
630 2102 694 2170 poise
708 2108 773 2154 vias?

215 2217 243 2262 45
265 2184 403 2247 Remigium
416 2184 524 2233 volucres
539 2181 646 2246 disponit
661 2187 686 2230 in
701 2180 785 2231 ordine
797 2199 907 2247 perime,

299 2260 329 2308 Et
343 2260 394 2308 leve
405 2277 445 2325 per
457 2261 500 2308 lini
512 2260 608 2308 vincula
619 2261 691 2309 neffit
703 2277 778 2325 opust

264 2339 362 2405 Imaque
375 2354 428 2403 pars
438 2341 496 2386 ceris
507 2339 643 2403 astringitur
655 2342 709 2404 igne
721 2339 821 2390 solutise

296 2418 433 2482 Finitusque
445 2432 513 2465 novae
524 2420 575 2482 jam
586 2415 655 2465 iabor
667 2419 722 2465 artis
734 2433 793 2467 eret.
868 2454 872 2469 .

263 2494 389 2544 Traeiabnt
402 2511 529 2559 ceramque
540 2511 597 2559 puer
608 2511 744 2560 pennisque
756 2493 889 2556 renidens,

220 2605 249 2649 50
299 2573 397 2623 Nescius
408 2574 458 2625 hec
469 2574 572 2622 humeris
583 2573 649 2621 arina
660 2588 742 2636 parate
753 2575 807 2622 suis.

264 2651 312 2702 Cui
324 2668 388 2718 pater
401 2687 409 2708 ‚
425 2651 483 2706 His,
498 2655 593 2718 inquit,
605 2653 680 2716 patria
692 2651 724 2699 est
735 2648 844 2710 adeunda
857 2655 960 2704 carinis:

298 2729 348 2778 Hac
364 2733 433 2779 nobis
448 2730 530 2779 Minos
542 2727 693 2794 effugiendus
704 2746 759 2795 ope.

264 2807 324 2854 A'e'ra
334 2823 384 2855 non
394 2811 474 2872 potuit
486 2809 583 2866 Minos3
598 2809 645 2857 alia
662 2810 744 2859 omnia
756 2807 851 2858 clausit.

254 2881 255 2884 ’
298 2884 376 2942 Quem
389 2886 444 2933 iicet
454 2921 461 2943 ‚
473 2889 575 2935 inventis
586 2892 640 2936 a'e'ra
649 2904 732 2950 rumpe
747 2888 816 2934 meis.

220 2983 244 3030 55
268 2958 313 3010 Sed
330 2963 374 3009 tibi
385 2979 428 3010 nec
440 2965 508 3027 virgo
520 2965 637 3026 Tegeaea,
649 2981 776 3031 comesque
787 2964 873 3025 Boou

297 3037 396 3103 Ensiger
413 3038 490 3088 Orion
502 3039 652 3105 ¹aspiciendus
667 3046 722 3093 erit.
