2367 3992
317 449 572 518 Rnnnn-rn
595 447 800 520 Arionis
851 473 921 540 277

189 611 192 617 ,
206 563 255 626 Qui
268 571 333 626 ,nisi
350 567 462 634 desierit,
474 572 561 622 misero
577 563 694 636 periurus
706 586 788 623 amore
797 571 851 633 est,

237 645 355 707 Desinat,
368 652 393 698 dt
408 650 469 698 nulli
479 650 569 706 funeris
578 652 659 700 audior
669 654 721 699 eris.

206 721 238 773 Et
248 741 306 790 puer
316 744 339 776 es
351 743 358 784 ς
373 743 417 776 nec
425 732 583 794 requiequam
593 763 602 787 ,
614 731 659 778 uisi
668 725 766 787 ludere,
776 741 882 795 oportet.

239 801 322 852 Lude:
335 802 421 854 decent
430 821 504 855 annos
515 806 602 855 mollia
611 821 683 870 regna
698 821 761 856 tuos.

206 879 271 931 Nam
287 897 381 947 poteras
396 885 431 932 uti
443 881 514 932 nudis
527 881 558 932 ad
572 882 635 932 bella
650 884 757 947 sagittis:

240 957 287 1009 Sed
307 975 347 1008 tua
362 960 458 1010 letifero
470 961 583 1026 sanguine
601 959 648 1009 tela
658 974 741 1009 carent

206 1035 312 1087 Vitricus
323 1042 348 1088 dt
361 1037 446 1103 gladiis
460 1042 485 1088 dt
500 1038 571 1088 acuti
580 1036 680 1087 dimicet
690 1035 771 1096 hasti,

234 1115 271 1164 ‘Et
287 1119 363 1165 vidior
374 1114 452 1166 multi
466 1113 530 1164 caede
540 1129 651 1170 cruentus
662 1129 708 1164 eat.
786 1137 796 1178 j

208 1193 246 1243 Tu
258 1194 313 1243 cole
323 1208 457 1251 maternas,
470 1192 525 1241 tuto
533 1193 620 1256 quibus
629 1195 736 1251 utimur,
748 1205 828 1243 artese

239 1272 272 1320 Et
281 1287 383 1337 quarum
391 1273 453 1323 titio
462 1268 530 1319 nulla
539 1267 568 1318 lit
577 1271 637 1318 orba
644 1283 736 1333 parens.

206 1347 283 1398 Effice
292 1347 408 1399 nouuml
419 1348 541 1413 frangatur
551 1351 624 1413 ianua
632 1346 700 1405 rixi,
717 1347 720 1352 ’

241 1427 273 1476 Et
284 1442 348 1492 tegat
359 1441 454 1476 ornatas
463 1426 540 1474 multa
550 1441 641 1474 torona
651 1423 724 1474 iores.

206 1505 253 1554 Pac
264 1511 350 1554 coiant
358 1505 441 1553 furtim
452 1508 563 1568 juvenes,
573 1501 712 1568 timideque
723 1499 829 1567 puelle:

241 1582 366 1647 Verbaque
378 1580 436 1632 dent
446 1596 518 1632 cauto
526 1579 634 1647 qualibet
642 1596 693 1630 arte
704 1583 767 1630 viro.

207 1658 240 1709 Et
249 1656 326 1709 ruodo
336 1658 479 1719 blanditias,
494 1656 573 1724 rigido
584 1656 661 1708 modo
671 1662 747 1724 jurgia
756 1657 817 1725 posti

241 1736 330 1795 Dicat,
341 1740 364 1786 δι
377 1736 483 1785 exclusus
494 1734 574 1785 flebile
587 1751 667 1786 cantet
676 1753 767 1786 amant.

205 1813 250 1864 llis
265 1813 377 1874 lacrymis
391 1825 517 1862 contentus
531 1814 576 1861 eris
590 1814 641 1861 sine
652 1816 752 1862 crimine
761 1815 856 1864 mortis.

241 1890 300 1940 Non
312 1905 352 1940 tua
362 1889 401 1944 fax
410 1887 493 1939 avidos
504 1887 577 1955 digna
585 1891 664 1938 subire
674 1906 754 1955 rogos.

209 1966 269 2018 Haec
279 1984 325 2032 ego
334 1987 340 2016 :
348 1971 427 2018 movit
434 1968 508 2017 Amor
518 1982 650 2032 gemmatas
661 1983 743 2017 aureus
753 1968 818 2030 alas,

241 2045 274 2095 Et
288 2048 364 2106 mihi3
381 2047 533 2110 Propositum
549 2043 654 2110 perfice,
669 2042 743 2105 dixit,
758 2061 828 2112 opus.

208 2122 248 2175 Ad
258 2140 328 2184 rnea,
341 2122 435 2190 decepti
447 2124 562 2183 iuvenes,
573 2138 689 2188 praecepta
698 2126 794 2184 venite,

244 2202 312 2262 Quos
326 2203 380 2252 suus
396 2219 424 2252 ex
436 2204 503 2251 ontni
516 2217 581 2266 parte
592 2201 681 2251 fefellit
690 2218 768 2252 arnor.

209 2279 301 2330 Discite
320 2283 413 2340 sanari,
430 2296 471 2346 pet
482 2296 555 2346 quem
564 2277 678 2329 didicistis
691 2296 790 2330 amaret

243 2357 298 2407 Una
308 2375 391 2408 manus
400 2357 566 2413 vobisvulnut
576 2375 696 2424 opemque
708 2358 777 2410 feret.

211 2435 286 2485 Tetra
296 2436 406 2487 salutares
420 2437 519 2496 herbas,
530 2434 660 2502 eademque
671 2452 803 2499 nocentes,
942 2454 972 2500 45

243 2514 343 2564 Nutrit:
358 2519 381 2563 dt
397 2518 478 2564 urtice
488 2517 598 2579 proxima
606 2515 665 2578 saepe
675 2516 728 2563 rosa
738 2514 779 2564 est.

212 2592 307 2643 Vulnus
323 2595 349 2640 in
360 2591 478 2641 Herculeo
488 2608 541 2657 quat
551 2589 675 2658 quondam
685 2592 773 2642 fecerat
783 2593 867 2656 hoste,

245 2669 358 2718 Vulneris
371 2669 487 2717 auxilium
501 2669 578 2718 Pelias
590 2669 655 2718 hasta
667 2669 732 2719 tulit.

212 2745 261 2799 Sed
271 2762 426 2813 quecumque
436 2749 509 2806 vitis,
521 2749 588 2796 vobis
599 2763 695 2813 quoque
705 2745 783 2808 dicta,
793 2747 878 2814 puella
884 2784 894 2812 ‚

245 2821 345 2875 Credite
356 2844 363 2872 t
375 2821 471 2876 diuersis
481 2826 586 2891 partibus
597 2842 662 2874 arma
671 2823 765 2876 damus.
947 2831 978 2878 5·

212 2903 234 2955 E
248 2904 334 2970 quibus
344 2900 374 2952 ad
384 2903 471 2954 vestros
484 2906 503 2952 si
514 2901 573 2969 quid
581 2919 633 2952 non
642 2906 744 2969 pertinet
754 2905 823 2966 usus,

248 2982 360 3043 Attamen
371 2981 480 3047 exemplo
490 2981 567 3032 multa
577 2980 663 3032 docere
674 2982 759 3048 potest.

213 3059 282 3109 Utile
293 3063 441 3126 propositum
452 3062 540 3119 ,saevas
552 3061 696 3126 exstinguere
706 3059 832 3121 flammas,

248 3137 300 3190 Nec
308 3141 402 3196 servum
415 3139 468 3190 vitii
479 3142 558 3206 pedus
567 3140 652 3190 habere
664 3140 710 3190 sui.
