2367 3992
185 436 950 538 mmmmm

236 625 896 740 TESTIMONIA

184 837 360 906 Quanam
379 838 568 896 varnavia
587 837 632 893 na
650 834 951 891 nncnnmonum

343 990 442 1083 DE
479 990 791 1079 ovinia).

186 1095 287 1232 Tin
299 1189 423 1231 nanus
446 1178 473 1231 δι
490 1167 572 1230 Naso
593 1168 790 1250 perfestissimi
807 1171 838 1230 in
856 1167 952 1231 forma

185 1266 275 1343 operis
290 1263 342 1330 sui,
360 1265 393 1324 V
388 1266 433 1324 cll.
448 1265 613 1324 Paterculus
624 1310 636 1334 ,
650 1263 698 1324 lib.
715 1284 759 1323 11.
771 1288 793 1324 c.
812 1274 859 1339 36.

224 1359 278 1418 La
290 1379 431 1420 scavos
446 1361 476 1420 in
491 1359 624 1419 Heroicis
636 1356 778 1429 Ovidius,
793 1367 820 1418 &
832 1357 954 1420 nimidm

137 1462 148 1491 '
184 1471 296 1522 amator
310 1453 420 1535 ingenii
432 1450 474 1512 sui
490 1477 496 1509 :
514 1451 671 1515 laudandus
685 1471 790 1510 tamen.
804 1496 831 1510 ..
851 1452 953 1512 Ovidii
1021 1457 1026 1465 ’

185 1545 291 1607 Medda
304 1546 415 1608 videtur
430 1545 504 1610 mihi
519 1545 681 1619 ostendere,
703 1564 841 1628 quantum
861 1548 953 1608 virum

186 1640 232 1699 ille
246 1639 373 1722 praestare
390 1643 528 1723 potuerit,
543 1644 566 1702 si
580 1644 697 1726 ingenio
712 1642 763 1703 suo
779 1662 953 1724 temperare,

186 1731 274 1824 quim
288 1734 434 1819 indulgire
446 1733 592 1800 maluiffet.
616 1738 750 1824 Quinliil.
765 1739 806 1799 X.
826 1758 851 1802 1.

283 1855 438 1933 Apollodoro
454 1855 548 1922 plaudit
564 1857 673 1909 imbrifer
687 1857 776 1915 Nilus:

319 1935 415 1990 Nasone
426 1934 518 2001 Peligni
531 1936 625 1990 sonant.
636 1935 751 1984 Maniai.
766 1950 787 1983 ι.
800 1944 842 1989 62.

223 2041 295 2103 Nnc
307 2042 379 2102 ullus
388 2041 483 2101 Asinii
491 2057 541 2119 aut
549 2039 685 2100 Melsallae
696 2040 834 2101 libertam
845 2039 955 2105 illustris

185 2134 272 2221 quim
281 2135 389 2197 Medda
400 2134 510 2196 Ovidii.
521 2134 604 2195 Aua.
617 2139 648 2194 de
658 2135 731 2214 caufl
742 2158 809 2196 corr.
822 2139 890 2216 eloq.
909 2159 954 2200 12.

213 2231 409 2297 Omma
434 2231 464 2289 in
484 2231 623 2312 principio
644 2231 769 2311 praeclari
787 2233 880 2313 operis
893 2231 955 2309 sui,

187 2318 464 2407 Metamorphoseon
478 2323 592 2385 scilicet.
608 2324 682 2396 Laii.
699 2344 723 2385 1.
739 2347 767 2400 5.

189 2421 276 2569 ΜΒΕ
285 2407 473 2579 ξεςιῇἱῐεωίᾆς
481 2419 600 2504 insignis
609 2438 693 2500 poeta
702 2417 815 2488 testatur
821 2464 830 2493 ,
837 2420 886 2488 lib,
895 2421 914 2483 l
917 2422 956 2488 V.

350 2580 431 2642 Quam
450 2581 634 2649 (Babylonem)
647 2579 735 2652 dicitnr
746 2582 808 2632 olim

287 2656 423 2715 Codilibua
435 2662 507 2713 muris
519 2656 616 2708 cinxiffe
628 2661 764 2708 Semiramis
775 2659 868 2712 urbem.

609 2738 707 2787 ffleron.
719 2739 742 2786 in
757 2738 842 2800 Oscum
852 2758 872 2790 c.
887 2759 925 2791 ιι.

227 2842 245 2902 J
248 2862 297 2901 aaa
310 2839 377 2902 veri>
392 2841 429 2903 ad
445 2865 510 2906 eum
529 2844 706 2924 pervenimus
721 2845 839 2918 locum,
856 2849 886 2908 in
899 2873 957 2932 quo

191 2936 301 3019 ingenii
320 2938 488 3021 magnitudo
507 2930 670 2999 &acumen
688 2940 785 3018 judicii
803 2948 958 3010 exercenda

190 3028 264 3091 sunt.
286 3031 361 3108 Quis
382 3035 457 3094 enim
482 3033 516 3099 de
537 3035 647 3095 Ovidio
670 3033 735 3097 satis
758 3037 844 3120 digni
866 3040 958 3104 dicere
980 3089 982 3092 -

189 3127 278 3204 possit
294 3133 305 3195 3
319 3126 424 3186 nedum
439 3146 469 3186 ut
485 3128 587 3193 audeat
601 3151 665 3192 eum
676 3129 884 3213 reprehendete'.
899 3137 955 3201 Jul.

191 3218 362 3300 Scaligerln
374 3221 507 3307 Hypercr.
516 3247 547 3301 p,
563 3232 631 3300 788.
