2367 3992
268 485 395 558 stum
420 485 470 555 ΙΙ.
494 485 663 555 Etrurn
683 450 792 555 rVr(
837 505 898 577 171

190 609 250 671 Sed,
260 626 320 676 puto
331 647 339 671 ,
352 627 374 659 re
383 607 465 669 nudi,
478 625 532 657 mea
541 610 652 657 membra
662 605 762 657 libidine
778 609 888 674 surgent,
924 622 951 674 25

219 689 249 738 Et
258 706 370 755 peragam
379 703 456 754 partes
464 689 564 737 annulus
576 687 619 736 ille
628 690 683 738 viri.

188 765 254 817 Irrita
265 767 324 834 quid
333 771 430 819 voveo?
441 783 541 832 parvum
553 765 705 831 proficiscere
717 776 825 816 munus:v

218 847 264 897 Illa
281 845 363 897 datam
375 863 455 896 tecum
473 848 559 896 sentiat
575 842 622 894 effe
633 845 717 896 fidem·

329 1105 584 1172 ELEGIA
622 1099 748 1173 XVI.

187 1201 258 1320 Pr
266 1288 301 1321 ss
322 1289 361 1320 me
375 1271 459 1322 Sulmo
471 1285 535 1322 tenet
546 1271 639 1337 Peligni
650 1274 721 1323 tertia
730 1273 789 1323 ruris
801 1287 809 1322 r

218 1350 309 1403 Parva,
327 1347 369 1398 sed
381 1352 474 1416 irriguis
488 1367 531 1399 ora
544 1350 644 1399 salubris
660 1354 737 1416 aquis.

183 1429 226 1479 Sol
238 1428 296 1477 licet
304 1425 405 1477 admoto
419 1428 529 1477 tellurem
540 1427 616 1477 sidere
627 1427 719 1489 findat,

218 1505 249 1554 Et
260 1509 334 1554 micet
347 1507 415 1556 Icarii
426 1506 492 1555 llella
503 1522 616 1572 proterva
625 1510 705 1567 canis3

182 1585 248 1636 Arva
258 1601 407 1650 pererrantur
417 1585 516 1650 Peligna
527 1585 673 1652 liquentibus
684 1584 754 1637 undis
760 1617 770 1642 ,

218 1664 250 1713 Et
263 1668 325 1714 viret
336 1667 361 1712 in
374 1681 456 1714 tenero
467 1664 552 1714 fertilis
563 1667 635 1714 herba
647 1665 708 1714 solo.

183 1740 261 1792 Terra
278 1743 342 1792 ferax
353 1743 464 1803 Cereris,
478 1745 605 1809 multoque
618 1744 719 1793 feracior
730 1757 798 1794 uvaet

218 1821 269 1871 Dat
281 1839 376 1889 quoque
388 1821 532 1871 bacciferam
544 1820 643 1870 Pallada
654 1835 734 1886 gratus
745 1835 814 1885 agerr

182 1898 277 1965 Perque
287 1904 432 1966 resurgentes
445 1903 502 1949 rivis
512 1901 647 1948 labentibus
658 1901 743 1948 herbas

218 1979 360 2027 Gramineus
372 1976 495 2032 madidam
507 1979 585 2042 cespes
597 1978 726 2026 obumbrat
739 1979 853 2027 humume

182 2055 218 2106 At
227 2073 294 2105 meus
308 2060 370 2122 lgnis
382 2058 453 2105 abest.
466 2056 547 2104 Verbo
559 2059 708 2120 peccavimus
720 2073 784 2104 uuo:

217 2135 276 2196 Quae
287 2151 372 2184 movet
380 2133 495 2198 ardores,
512 2134 545 2182 est
554 2134 639 2198 procul
649 2151 657 2193 3
672 2132 744 2183 ardor
757 2132 830 2185 adest.

182 2209 243 2264 Non
254 2231 298 2279 ego
309 2249 317 2273 ,
333 2217 353 2261 si
367 2211 460 2261 medius
472 2210 570 2260 Polluce
582 2211 718 2263 &Castore
730 2229 822 2278 ponar,

219 2294 247 2342 ln
259 2294 315 2343 coeli
326 2296 376 2341 sine
392 2307 415 2342 te
425 2308 491 2358 parte
502 2289 570 2342 fuisse
581 2293 666 2342 velim.

183 2368 279 2422 Soliciti
288 2377 397 2438 jaceant,
407 2371 515 2438 terrique
526 2388 664 2437 premantur
673 2368 775 2438 iniqui,

217 2451 247 2500 ln
259 2451 341 2516 longas
352 2454 435 2510 orbem
448 2454 489 2516 qui
501 2452 594 2499 secuere
606 2453 666 2501 vias.

182 2528 235 2578 Aut
249 2533 362 2593 juvenum
373 2532 474 2579 comites
485 2523 604 2594 iussissent
614 2533 648 2577 ire
659 2526 765 2592 puellas,

218 2607 243 2654 Si
256 2606 302 2655 fuit
317 2611 342 2656 in
357 2607 440 2672 longas
460 2621 521 2655 terra
534 2605 634 2655 secanda
648 2609 707 2655 vias.

183 2682 251 2732 Tum
269 2688 343 2740 mihi,
359 2690 377 2733 si
393 2702 499 2750 peterem
515 2686 625 2734 ventosas
637 2681 747 2733 horridus
757 2683 843 2749 Alpes,

218 2760 381 2826 (Dummodb
393 2781 448 2811 cum
461 2761 577 2829 domina)
595 2761 671 2809 melle
682 2759 763 2810 fuisset
774 2765 828 2812 iter.

183 2839 252 2890 Cum
263 2837 363 2888 domina
376 2841 476 2905 Libycas
488 2842 563 2890 ausim
576 2855 726 2904 perrumpere
737 2842 833 2906 Syrtes,

218 2919 249 2967 Et
267 2917 323 2968 dare
335 2934 384 2966 non
400 2925 472 2985 aequis
487 2919 541 2969 vela
554 2915 652 2967 ferenda
665 2921 738 2968 uotis.

154 3041 156 3046 .
182 2995 261 3057 Non,
277 3013 330 3062 quae
342 2999 450 3060 virgineo
461 3011 571 3063 portenta
582 2997 624 3045 sub
636 2999 732 3062 inguine
744 2997 846 3062 latrant,

218 3076 270 3124 Nec
289 3077 387 3135 timeam
398 3075 502 3137 vestros,
516 3092 587 3126 curva
598 3075 696 3136 Malea,
711 3081 790 3126 sinus:

182 3151 244 3207 Nou
257 3171 333 3221 quas,
346 3153 472 3203 submersis
481 3155 570 3205 ratibus
581 3154 698 3216 saturata,
712 3153 849 3216 Charybdis

738 3229 788 3297 Hij
