2367 3992
266 442 323 522 1212:
345 452 460 525 Am
485 451 676 524 Aurum
694 454 732 523 L.
750 455 802 523 ΙΙ.
836 456 907 544 2'29

190 574 214 623 si
225 572 310 625 dodus
319 574 413 627 videare
427 574 493 635 rudi,
507 576 646 642 petulansve
657 573 756 642 pudenti
767 592 775 634 3

221 653 325 704 Diffidet
336 655 425 705 miserae
437 658 545 720 protinus
559 655 603 704 illa
619 656 676 703 sibi.
742 671 744 678 ’

189 730 248 782 lude
260 732 288 782 fit
298 769 307 792 ,
316 748 342 783 ut
353 769 361 793 ‚
373 749 426 799 quae
444 735 467 782 se
481 736 563 783 timuit
576 735 732 783 committere
739 731 852 793 honesto,
877 735 880 740 '

221 810 282 858 Vilis
293 814 318 859 in
332 812 455 877 amplexus
464 810 584 861 inferioris
595 827 642 861 eat.
907 817 961 861 770

189 884 243 935 Pars
262 889 356 952 superat
366 893 457 955 coepri,
469 906 521 956 pars
533 890 566 939 est
577 890 686 939 exhausta
696 925 706 949 ,
717 888 816 939 laboris.

220 963 268 1013 Hic
283 981 363 1016 teneat
373 969 462 1018 nostras
472 971 576 1018 anchora
586 970 647 1033 jaste
658 981 729 1018 rates.

190 1070 904 1176 mmo-senam»

244 1255 447 1324 LIBER
494 1233 843 1324 SECUNDUS.

186 1358 412 1491 Drcrmlo
427 1429 856 1492 Paean:&,lo‚bisdicite‚l’aeau.

218 1505 317 1557 Decidit
331 1511 358 1558 in
369 1507 440 1559 caffes
450 1507 530 1574 praeda
539 1512 615 1574 petita
624 1526 700 1558 meos.
912 1504 917 1511 ⁸

185 1582 263 1632 Laetus
280 1602 361 1635 amans
371 1585 446 1636 donet
456 1585 527 1636 viridi
538 1603 591 1636 mea
606 1602 714 1652 tempora
723 1587 805 1654 palmi
816 1607 825 1640 e

218 1661 331 1713 Praeferar
341 1664 434 1714 ascraeo
445 1664 599 1729 Maeonioque
610 1667 668 1714 seni.

185 1739 252 1789 Talis
266 1741 296 1789 ab
311 1742 429 1791 armiferis
444 1742 574 1790 Priameius
587 1744 672 1808 hospes
688 1743 795 1806 Amyclis
921 1748 932 1793 5

217 1816 344 1879 Candida,
359 1835 415 1868 cum
433 1817 500 1882 rapti
511 1822 630 1884 conjuge,
645 1819 699 1868 vela
711 1816 787 1868 dedit.

184 1895 251 1945 Talis
266 1912 330 1952 erat,
341 1901 383 1963 qui
396 1911 419 1947 te
434 1913 504 1946 curru
514 1896 724 1956 oreore-ferebat,

215 1975 289 2024 Veiis
305 1978 434 2041 peregrinis
451 1973 614 2040 Hippodamia
632 1977 701 2024 rotis.

183 2050 251 2113 Quid
262 2045 372 2118 properas
384 2089 392 2114 ‚
407 2055 497 2115 juvenis
509 2056 519 2102 i
530 2051 617 2102 mediis
628 2067 669 2102 tua
678 2055 747 2117 pinus
757 2051 782 2101 in
792 2050 864 2102 undis

215 2130 321 2195 Navigat
331 2151 338 2181 ε
352 2136 376 2182 δι
394 2131 482 2196 longi,
493 2148 566 2197 quem
576 2145 652 2195 peto,
663 2145 747 2195 portus
757 2129 829 2179 abest.
921 2143 953 2176 ro

182 2207 241 2257 Non
252 2210 306 2257 satis
317 2209 349 2258 est
357 2206 446 2260 venisse
461 2210 523 2269 tibi,
535 2225 574 2257 me
584 2223 639 2258 vate
649 2243 658 2268 ,
669 2207 796 2273 puellarnr
934 2203 942 2216 ‘

214 2286 272 2334 Arte
285 2285 339 2334 mei
349 2301 418 2351 capta
428 2287 477 2347 est,
489 2301 538 2336 arte
550 2283 651 2336 tenenda
661 2286 716 2336 mei
733 2287 775 2336 est.

181 2361 235 2412 Nec
253 2365 333 2412 minor
344 2365 377 2413 est
383 2368 476 2420 virtus,
490 2364 564 2430 quairn
575 2364 695 2432 quaerere,
708 2378 774 2431 parta
787 2367 854 2416 tueri:

216 2439 291 2489 Casus
306 2441 364 2489 inest
378 2441 447 2500 illic·,
463 2441 503 2492 hic
516 2445 560 2492 erit
570 2446 626 2493 artis
641 2459 710 2508 opus.

181 2516 255 2568 Nunc
266 2520 344 2578 mihi,
356 2522 376 2567 si
387 2517 503 2584 quaudo,
515 2520 576 2568 Puer
587 2524 612 2569 δε
622 2519 761 2582 Cytherea,
771 2521 849 2571 favete
860 2540 866 2571 ι
919 2537 946 2582 ¹5

214 2595 286 2645 Nunc
302 2597 393 2654 Erato3
405 2611 461 2644 nam
473 2609 499 2643 tu
510 2612 599 2644 nomen
609 2599 697 2644 amoris
710 2598 791 2646 habes.

180 2672 273 2738 Magna
287 2689 360 2738 par03
376 2689 434 2738 quas
445 2676 520 2738 possit
531 2673 604 2723 amor
613 2691 733 2723 remanere
744 2692 785 2739 per
796 2689 856 2725 artes

213 2750 317 2810 Dicere,
331 2765 382 2798 tam
391 2751 458 2800 vasto.
467 2767 583 2817 pervagus
592 2755 655 2801 orbe·
661 2769 727 2818 puer.

181 2825 214 2877 Et
224 2827 282 2876 levis
291 2828 339 2886 est,
353 2833 377 2878 δι
395 2831 468 2878 habet
477 2833 582 2894 geminas
592 2865 601 2890 ‚
613 2833 699 2896 quibus
709 2831 788 2882 evolet
798 2868 807 2896 ‚
816 2833 884 2885 alass·

214 2903 322 2954 Difficile
333 2906 567 2973 estillirimposuiffe
577 2903 689 2959 modum.
916 2918 949 2948 Ν

181 2981 289 3048 Hospitis
303 2981 394 3049 effugio
411 2988 572 3051 praestruxerat
588 2991 670 3038 omnia
682 2990 782 3055 Minos:

216 3060 337 3112 Audacem
349 3061 431 3127 pennis
442 3069 545 3130 repperit
553 3065 599 3114 ille
605 3070 679 3118 ἡαπ.
692 3082 694 3089 ·

181 3137 295 3192 Daedaius
311 3157 337 3191 ut
348 3140 432 3192 clausit
446 3158 588 3211 conceptum
598 3148 698 3196 crimine
708 3147 792 3195 matris
