2367 3992
282 485 896 572 176OV1D11AM0RUM

310 606 413 657 insontis
424 610 527 674 speciem
537 610 637 674 praebuit
648 609 694 660 effe
704 645 713 671 ,
725 613 829 662 nocens!

233 705 243 740 1
250 706 260 754 5
280 687 319 736 Sic
331 687 372 735 ubi
383 703 496 749 vexarat,
508 687 649 756 tepidosque
660 690 779 741 refoverat
789 695 874 757 ignes,

311 765 399 814 Rursus
413 780 464 816 erat
473 770 535 817 votis
546 771 622 818 comis
638 773 663 819 δι
674 785 730 835 apta
739 771 806 820 meis.

279 843 344 905 Quas
354 847 414 894 milri
426 844 569 909 blanditias,
582 847 658 915 quim
669 847 750 900 dulcia
766 851 840 902 verba
851 850 975 917 parabat!

311 923 416 986 Oscula,
428 923 463 974 Di
471 927 568 991 magni!
580 927 661 993 qualia
672 944 780 995 quotque
793 928 876 980 dabat.

279 1002 318 1051 Tu
332 1020 448 1077 quoque,
459 1021 511 1070 que
522 1005 614 1055 nostros
625 1007 721 1073 rapuisti
730 1021 806 1074 nuper
817 1008 930 1072 ocellos,

233 1101 262 1134 ιο
313 1082 378 1146 Saepe
389 1084 448 1132 time
461 1081 574 1145 insidias,
590 1086 649 1150 saepe
660 1100 745 1151 rogata
759 1102 835 1152 nega:

199 1197 202 1201 -
278 1159 310 1210 Et
320 1163 371 1210 sine
380 1178 433 1223 me,
446 1177 500 1212 aute
511 1177 564 1212 tuos
578 1166 710 1229 projectum
720 1167 748 1214 in
757 1164 841 1215 limine
851 1165 953 1230 polles,

311 1241 396 1306 Longa
405 1243 519 1306 pruinosi
530 1242 621 1308 frigora
631 1245 700 1292 noste
711 1246 771 1309 pati.

279 1317 318 1368 sic
329 1321 390 1369 mihi
399 1317 469 1372 durat
479 1338 563 1383 amor,
575 1321 709 1388 longosque
720 1320 873 1379 adolescitiu
885 1323 959 1374 usute

314 1398 369 1448 Hoc
379 1402 447 1465 juvat
458 1419 464 1450 :
477 1402 526 1450 haec
537 1402 610 1450 animi
621 1403 676 1451 sunt
686 1398 801 1451 alimenta
810 1399 869 1447 mei.

233 1487 260 1536 25
280 1477 376 1543 Pinguis
388 1494 471 1539 amor,
483 1482 633 1545 nimiumque
644 1494 742 1545 patene,
757 1480 783 1528 in
795 1473 866 1526 taedia
876 1477 952 1548 nobis

313 1557 436 1616 Vertitur3
454 1559 479 1605 δι
492 1591 501 1616 ,
512 1556 636 1606 stomacho
647 1555 725 1606 dulcis
736 1557 840 1616 mesca,
852 1570 938 1606 nocet.

279 1635 305 1684 Si
321 1651 454 1700 numquam
465 1635 565 1685 Dana'e'n
574 1631 693 1685 habuillet
704 1641 776 1685 aenea
785 1636 856 1683 turris
862 1666 875 1696 ,

312 1711 371 1761 Non
382 1709 440 1762 ellet
449 1711 533 1762 Dana'e'
549 1712 580 1764 de
589 1714 649 1764 Jove
660 1715 721 1764 falia
733 1729 827 1779 parens.

224 1844 227 1852 ,
279 1788 347 1839 Dum
358 1791 434 1842 servat
447 1792 510 1842 luno
521 1795 640 1843 sinuatam
647 1794 760 1842 cornibus
770 1792 817 1851 101,

234 1883 264 1930 30
313 1869 383 1918 falia
392 1870 439 1931 est,
451 1870 527 1937 quim
535 1870 631 1933 fuerat,
643 1874 734 1938 gratior
745 1870 789 1919 illa
799 1872 863 1921 Jovi.

281 1945 357 2010 Quod
363 1948 419 1998 llcet
431 1954 456 1998 δι
468 1949 539 1999 facile
552 1950 584 1998 est
594 1985 602 2011 ,
613 1951 719 2016 quisquis
729 1952 806 2015 cupit;
817 1948 1010 2002 arborefrondes

314 2025 419 2092 Carpat,
436 2031 461 2077 &
473 2045 485 2077 e
496 2045 586 2094 niagno
596 2027 696 2080 flumine
707 2041 775 2094 potet
785 2042 882 2094 aquam.

281 2106 305 2155 Si
319 2123 366 2171 qua
374 2105 441 2156 volet
456 2095 552 2172 regnare
564 2095 624 2168 eliu,
636 2105 735 2158 deludat
747 2120 880 2156 amantem.

313 2183 360 2233 Hei
374 2187 435 2236 mihi
444 2185 453 2234 l
464 2183 530 2251 quod
541 2189 640 2235 monitis
652 2201 766 2252 torqueor
776 2187 825 2251 ipse
836 2184 905 2234 meis.

145 2264 151 2276 '
235 2271 261 2319 35
282 2260 391 2314 Cuilibet
409 2267 520 2324 eveniat,
531 2279 604 2314 nocet
614 2262 764 2329 indulgentia
775 2265 858 2313 nobis:

314 2340 388 2401 Quod
398 2343 521 2407 sequitur,
534 2341 602 2409 fugio
613 2362 618 2392 :
631 2342 699 2409 quod
709 2343 785 2408 fugit,
797 2344 871 2409 usque
882 2342 983 2408 sequor.

182 2431 185 2438 '
280 2418 313 2469 At
327 2435 370 2479 tu,
383 2417 494 2469 formosae
510 2423 614 2470 nimium
629 2423 708 2470 secure
720 2420 824 2488 puellae.

313 2498 394 2564 Incipe
404 2501 454 2565 jam
464 2498 543 2565 primi
552 2497 662 2549 claudere
673 2502 741 2548 noste
752 2499 839 2550 forem.

280 2578 378 2644 Incipe,
396 2581 448 2645 quis
461 2582 531 2628 toties
545 2579 629 2628 furtim
639 2595 680 2628 tua
692 2579 777 2626 limina
788 2576 883 2642 pulset,

231 2661 264 2705 40
315 2656 425 2717 Quaerere
438 2677 443 2706 :
455 2656 514 2724 quid
531 2657 636 2718 latrent,
648 2660 716 2707 noete
728 2656 812 2706 silente
825 2691 834 2716 ,
849 2671 929 2705 canes.

282 2733 349 2795 Quid
360 2736 434 2792 ferat,
446 2753 487 2785 aut
499 2735 585 2785 referat
597 2736 679 2787 sollers
687 2735 775 2784 ancilla
787 2733 903 2783 tabellas:

314 2811 367 2862 Cur
378 2817 448 2867 toties
463 2831 540 2865 vacuo
551 2816 647 2863 secubet
657 2815 707 2878 ipsa
719 2829 782 2862 toro.
839 2864 842 2870 ,

281 2889 396 2941 Mordeat
409 2892 451 2942 ista
462 2907 513 2940 tuas
525 2889 655 2956 aliquando
668 2907 724 2939 cura
737 2889 868 2941 medullae:

314 2967 400 3033 Daque
420 2969 502 3017 locum
517 2968 601 3017 nostris
618 2971 790 3037 materiamque
808 2969 881 3022 dolis.

232 3050 262 3096 45
282 3046 327 3096 Ille
337 3045 414 3110 potest
425 3062 501 3096 vacuo
512 3046 585 3096 furati
597 3045 667 3097 litore
679 3065 758 3098 arenas
769 3085 776 3109 ‚

314 3125 422 3181 Uxorem
434 3124 498 3174 stulti
517 3128 535 3174 si
551 3129 604 3192 quis
614 3143 692 3177 amare
705 3129 790 3195 potest.

283 3204 384 3272 Jamque
396 3219 440 3278 ego
450 3221 606 3276 praemouco3
618 3209 663 3257 nisi
675 3217 700 3258 tu
710 3209 801 3260 servare
812 3206 920 3274 puellam
