2367 3992
243 489 698 565 LissnLEnnura
723 494 823 564 XIV.
843 519 907 584 1'47

214 655 894 734 «ἕψε-Ἦμεν.»

346 796 599 864 E'LEGIA
639 799 762 862 xlv.

192 896 345 1016 Dices
354 979 369 1015 Λ
377 980 416 1025 ss,
427 961 548 1015 Medicare
558 973 613 1014 tuos
623 956 706 1020 desiste
714 962 824 1031 capillos.

229 1043 335 1108 Tingere
344 1059 416 1109 quam
427 1045 515 1109 possis,
526 1046 576 1110 Jam
589 1042 635 1090 tibi
644 1042 713 1092 nulla
722 1058 793 1092 coma
802 1041 844 1091 est.

192 1120 243 1178 At,
255 1125 276 1170 si
287 1119 350 1186 palla
362 1122 442 1181 fores,
454 1119 514 1188 quid
524 1136 573 1171 erat
585 1122 708 1186 spatiosius
718 1120 783 1170 illis?

230 1199 392 1264 Contigerant
406 1202 500 1259 imum,
512 1197 560 1264 qul
571 1207 638 1262 patet
646 1199 734 1264 usque,
746 1197 817 1246 latus,

194 1276 280 1340 Quid?
296 1276 364 1344 quod
377 1292 445 1327 erant
456 1292 552 1337 tenues,
567 1279 593 1325 δι
606 1292 667 1342 quos
679 1289 763 1324 ornare
774 1277 882 1335 timeress
934 1304 944 1352 ς

229 1356 293 1407 vela
305 1356 408 1406 colorati
418 1355 499 1422 qualia
509 1357 574 1404 Seres
585 1356 688 1403 habenti
776 1407 782 1419 ¹

193 1435 245 1488 vei
255 1433 317 1501 pede
328 1431 395 1501 quod
406 1433 489 1499 gracili
502 1430 601 1482 deducit
610 1449 694 1482 aranea
705 1427 790 1486 filum,

229 1512 298 1566 Clun
312 1511 365 1563 leve
376 1506 467 1562 deserti
477 1512 519 1560 sub
534 1511 600 1560 trabe
610 1513 683 1560 nestit
692 1512 770 1577 opus?

192 1590 250 1645 Nec
267 1607 348 1642 samen
358 1600 407 1640 ater
416 1599 466 1640 erat
474 1626 483 1651 ,
491 1606 535 1639 nec
547 1605 597 1638 erat
609 1604 689 1639 tamen
699 1586 856 1648 autemillis,

230 1668 296 1730 Sed,
311 1673 418 1737 quamvis
429 1679 528 1728 neuter,
539 1669 628 1717 mixtus
638 1682 753 1734 uterque,
767 1666 850 1721 colors
937 1690 968 1723 ιο

193 1747 304 1810 Qualem
318 1746 413 1797 clivosae
427 1743 530 1796 madidis
540 1749 567 1794 in
576 1744 678 1795 vallibus
689 1743 738 1794 ldae

230 1824 329 1886 Ardua,
347 1824 444 1892 derepto
459 1827 563 1879 cortice,
579 1821 662 1872 cedrus
674 1823 754 1870 habet.

193 1903 287 1964 Adde,
300 1903 368 1972 quod
377 1909 401 1954 ὃ(
413 1903 518 1963 dociles,
529 1906 554 1951 δε
565 1915 662 1949 centnm
672 1898 772 1948 flexibus
780 1899 848 1965 apti,

232 1985 265 2034 Et
276 1985 321 2034 tibi
331 1984 419 2034 nulllus
432 1982 500 2032 causa
511 1979 603 2031 doloris
614 1993 689 2029 erant.

193 2062 260 2115 Non
271 2078 326 2127 aeus
339 2063 448 2128 abrupit,
460 2076 510 2109 non
518 2059 596 2118 vallus
606 2059 704 2124 pellinis
713 2091 723 2118 ,
733 2055 788 2105 illos
799 2070 806 2105 r
938 2074 964 2125 ¹5

232 2142 413 2206 Ornatrixstuto
426 2154 526 2203 corpore
537 2139 629 2202 semper
639 2150 696 2185 erat.

193 2221 263 2272 Ante
278 2236 347 2269 meos
355 2221 416 2284 saepe
431 2215 463 2266 est
472 2217 556 2267 oculos
566 2229 665 2275 ornatu
675 2231 719 2266 nee
730 2230 845 2282 umquam

230 2299 333 2349 BraehIa
342 2294 440 2364 dereptd
452 2297 530 2348 saucia
541 2296 598 2345 fecit
608 2313 661 2346 acu.

194 2381 267 2444 Saepe
280 2379 352 2427 etiam
361 2412 370 2439 ,
387 2373 495 2426 nondum
505 2373 599 2441 digestis
609 2390 678 2425 mane
687 2373 793 2441 capillis,

232 2454 357 2522 Purpureo
367 2459 440 2522 lacuit
449 2450 613 2520 semi-supina
624 2469 688 2504 toro.
936 2461 968 2495 20

195 2536 223 2588 T
225 2553 269 2587 um
276 2551 373 2602 quoque
382 2549 432 2584 erat
441 2531 547 2600 neglesla
557 2530 643 2582 decens
654 2545 693 2581 :ut
702 2531 806 2581 Threcia
811 2529 902 2581 Bacche
908 2564 918 2592 ,

215 2618 220 2624 '
234 2613 303 2664 cum
316 2626 403 2663 temere
413 2609 520 2662 in'vlrldl
533 2613 639 2677 gramine
651 2602 708 2660 laria
717 2615 788 2675 lacet.

196 2691 271 2744 Cdm
286 2691 385 2758 graciles
396 2686 469 2740 ell'ent
480 2704 574 2750 tamen,
587 2693 613 2738 &
625 2689 743 2754 lanuginis
754 2687 840 2749 instar,

235 2771 292 2820 Heu
303 2770 310 2819 Ξ
321 2768 386 2819 mala
393 2783 482 2819 vexarae
494 2782 583 2834 quanta
595 2767 687 2828 tulere,
699 2766 788 2817 comael

198 2848 288 2911 Quam
298 2850 321 2899 se
336 2849 487 2914 prebuerunt
500 2848 564 2899 ferro
578 2851 694 2915 patienter
706 2850 731 2897 Se
742 2847 805 2912 igni,
938 2849 966 2896 ²5

236 2927 274 2977 Ut
284 2926 351 2977 fieret
362 2940 427 2977 torto
437 2924 520 2976 flexilis
529 2927 587 2977 orbe
599 2926 678 2977 sinus!

198 3004 351 3059 clamabam
362 3041 371 3066 ,
383 3003 463 3054 Scelus
474 3005 523 3066 est,
538 3005 594 3056 istos
604 3006 678 3056 scelus
688 3022 755 3056 urere
764 3006 848 3056 crines.

236 3087 328 3150 Sponte
337 3082 438 3134 decent:
447 3085 535 3148 capiti,
546 3083 638 3145 ferrea,
649 3103 718 3151 parce
728 3101 780 3136 ruo.

195 3164 262 3216 vim
274 3161 360 3230 procul
368 3164 424 3214 hine
434 3177 531 3216 remove
543 3181 549 3211 ε
562 3177 612 3214 non
621 3163 655 3213 est
664 3166 706 3231 qui
716 3161 801 3215 debeat
810 3165 864 3215 urit

762 3242 810 3307 cn
