2367 3992
295 478 338 547 50
406 452 448 521 P.
479 453 655 530 Orruit
682 449 895 516 Nasonis

244 595 255 641 5
291 577 349 626 Haec
360 575 393 624 est
404 572 514 631 AEolidot
528 573 595 623 fratri
606 573 728 621 scribentis
738 575 820 635 imago
827 589 842 618 z.

323 655 361 702 Sic
377 651 461 703 videor
472 650 533 700 duro
543 647 610 716 polle
624 650 717 715 plaeere
727 653 798 714 patri.

291 731 342 796 lpse
357 732 420 779 necis
432 746 542 795 cuperem
549 729 632 778 nostrae
641 729 757 793 spettator
767 724 874 789 adesset,

297 841 298 846 =
322 808 476 874 Austorisque
490 806 567 856 oculis
583 810 715 871 exigeretur
732 822 800 871 opus.

290 885 325 935 Ut
344 886 406 934 ferus
421 886 468 947 est,
483 884 610 950 multoque
622 886 669 934 suis
685 885 843 934 truculentior
857 883 940 946 Euris,

243 981 272 1012 ro
321 961 447 1029 Spectasset
457 966 524 1012 siccis
535 962 634 1014 vulnera
643 963 723 1013 nostra
735 965 811 1028 genis.

289 1042 384 1091 Scilicet
397 1041 430 1107 est
444 1039 537 1108 aliquid
550 1057 606 1090 cum
617 1043 682 1091 sevis
694 1042 878 1093 vivereventise

321 1121 422 1186 Ingenio
432 1121 517 1186 populi
527 1123 642 1170 convenit
652 1119 694 1168 ille
705 1122 750 1168 sui.

287 1199 333 1249 llle
349 1198 418 1250 Noto
435 1193 588 1265 Zephiroque
597 1233 606 1260 ‚
623 1202 649 1248 bc
665 1197 777 1249 Sithonio
790 1196 909 1265 Aquiloni

320 1277 441 1342 Imperat,
453 1281 478 1328 δι
494 1279 590 1342 pennis,
604 1277 666 1326 Eure
677 1292 802 1342 proterve,
818 1280 874 1326 tuis.

243 1363 268 1410 ¹5
289 1355 393 1421 Imperat
403 1359 464 1417 heu,
480 1359 557 1406 ventis
567 1373 575 1414 3
587 1353 685 1404 tumida
695 1372 746 1404 non
756 1358 858 1420 imperat
866 1357 924 1404 itaet

321 1434 429 1484 Possidet
441 1439 466 1484 δι
479 1436 544 1483 vitiir
558 1449 632 1498 regna
644 1436 739 1482 minora
750 1436 805 1482 suit.

288 1511 355 1574 Quid
363 1517 447 1579 juvat,
457 1509 581 1562 admotam
593 1527 634 1575 per
644 1527 744 1562 avorum
751 1510 940 1570 nominantem,

320 1591 385 1640 lnter
398 1605 512 1655 cognatos
527 1586 593 1654 poffe
609 1589 696 1638 referre
706 1590 807 1640 lovem?

287 1669 355 1720 Num
370 1671 449 1717 minus
464 1668 589 1724 infestum,
603 1669 712 1718 funebria
721 1684 836 1726 munera,
848 1666 941 1716 ferrum

176 1805 187 1813 ,Ι
241 1764 272 1796 20
320 1746 432 1797 Femineal
445 1762 530 1808 teneo,
545 1764 597 1797 nott
606 1764 660 1798 mea
672 1746 735 1808 tela,
751 1745 840 1796 manu!

287 1827 310 1874 0
325 1828 434 1880 utinam,
444 1825 556 1875 Macarcu
567 1861 576 1881 ‚
589 1842 642 1892 quae
651 1843 696 1874 nos
707 1826 830 1874 commitit
840 1825 866 1872 iu
878 1837 972 1884 unum,

320 1900 426 1954 Vertiffet
441 1904 490 1953 leto
506 1906 578 1952 serior
588 1907 649 1953 hura
662 1905 733 1954 tneo!

287 1981 339 2033 Cur
353 1999 467 2049 umquam
483 1982 535 2048 plus
546 1999 602 2043 me,
615 1982 703 2037 frater,
718 1981 794 2047 qulnt
806 1981 879 2030 frater
889 1979 991 2032 antasti?

319 2059 350 2108 Et
361 2061 421 2120 tibi,
437 2076 487 2109 non
501 2059 572 2110 debet
582 2058 650 2126 quod
661 2062 728 2110 soror
739 2057 800 2120 effe,
814 2058 866 2109 sui?

240 2149 267 2194 25
287 2136 338 2201 Ipsa
349 2153 445 2203 quoque
456 2137 545 2186 incalui
558 2157 564 2186 t
580 2137 723 2205 qualemque
733 2137 814 2188 audire
830 2136 956 2199 solebam,

319 2214 407 2263 Nescio
417 2232 489 2280 quem
499 2217 559 2263 sensi
570 2214 643 2264 corde
652 2232 745 2281 tepente
755 2217 848 2268 Deum.

286 2292 387 2355 Fugerat
405 2309 445 2340 ore
457 2292 525 2342 color
538 2312 544 2341 z
557 2296 645 2342 macies
657 2292 788 2356 adduxerat
798 2310 880 2346 artua:

267 2385 270 2391 ·
318 2369 447 2418 Sumebant
457 2373 570 2419 minimos
581 2387 624 2419 ora
633 2374 714 2421 coatia
723 2373 799 2423 cibor.

286 2445 338 2495 Nec
350 2448 428 2497 somni
442 2447 537 2509 faciles,
553 2453 578 2498 &
588 2465 637 2498 nor
652 2464 702 2499 erat
712 2467 789 2500 annua
799 2453 883 2513 nobit,

241 2534 270 2578 30
320 2523 351 2576 Et
367 2529 484 2590 gemitum
497 2526 565 2575 nullo
577 2526 631 2576 laesa
642 2525 727 2577 dolore
742 2527 839 2579 dabam.

288 2603 339 2652 Nec
348 2622 390 2654 cur
399 2608 450 2654 haec
462 2604 565 2655 facerem
574 2641 582 2666 ‚
595 2620 704 2669 poteram
714 2608 775 2657 mihi
784 2605 881 2657 reddere
891 2609 1005 2660 causante

320 2682 371 2732 Nec
384 2682 486 2738 ndram,
504 2680 562 2749 quid
572 2699 653 2732 amans
664 2680 737 2732 effer:
751 2700 775 2735 at
785 2683 848 2735 illud
858 2691 932 2736 eram.

287 2760 366 2810 Prima
377 2762 469 2815 malum
479 2764 559 2811 nutrix
566 2765 647 2812 animo
655 2765 775 2828 praesensit
784 2766 856 2816 anili:

320 2838 398 2886 Prima
409 2843 468 2888 mihi
479 2843 558 2888 nutrix
565 2859 574 2901 3
585 2840 665 2901 AEoli,
677 2840 751 2901 dixit,
763 2859 836 2894 amas.

243 2937 269 2982 35
290 2913 395 2976 Erubui,
408 2920 548 2981 gremioque
564 2915 643 2981 pudor
658 2918 745 2984 dejecit
755 2923 856 2975 ocellos.
897 2939 899 2943 ·

321 2991 377 3040 llaec
389 2995 442 3042 satis
455 2997 479 3041 in
490 2997 562 3043 tacita
572 2996 639 3056 signa
653 2996 749 3048 fatentis
759 3016 834 3051 erant.

287 3069 386 3137 Jamque
396 3072 557 3121 tumescebant
566 3075 644 3121 vitiati
651 3075 757 3139 pondera
766 3083 870 3141 ventris,

322 3147 438 3218 AEgraque
448 3149 564 3204 furtivum
575 3154 684 3204 membra
694 3158 806 3221 gravabat
815 3175 886 3212 onus.
