2367 3992
663 992 1128 1079 OVIDIl
1228 982 1858 1080 NA'SONIS

803 1158 1692 1276 REMEDJORUM

627 1316 1871 1442 AMORIS

811 1510 1221 1580 LIBER
1327 1505 1703 1579 UNUS.

528 1616 852 1737 Lucum·
877 1688 1017 1754 hujus
1040 1686 1190 1738 Amor
1212 1687 1407 1738 titulum
1428 1699 1705 1752 nomenque
1727 1681 1909 1733 libelli·-

592 1763 728 1814 Bella
757 1767 877 1814 mihi
897 1763 1079 1824 ,'video
1093 1800 1111 1826 ,
1145 1766 1273 1816 bella
1294 1779 1516 1831 parantur
1534 1799 1551 1824 ,
1582 1766 1668 1812 ait.

529 1842 674 1894 Parce
694 1858 830 1893 tuum
853 1859 1012 1894 vatem
1033 1843 1220 1895 sederis
1237 1842 1488 1902 damnare,
1513 1837 1716 1906 Cupido
1734 1857 1753 1899 3

595 1918 811 1976 Tradita,
828 1926 911 1988 qui
944 1925 1084 1972 toties
1101 1955 1118 1983 ,
1145 1937 1191 1971 te
1225 1918 1375 1981 duce,
1403 1923 1535 1984 signa
1558 1918 1671 1971 tuli.

469 2014 493 2061 ς
530 1999 648 2050 Non
681 2017 773 2066 ego
799 1997 1049 2063 Tydides,
1078 2016 1105 2048 a
1131 2015 1235 2067 quo
1253 2013 1334 2048 tua
1354 1999 1510 2047 saucia
1532 2012 1697 2046 mater

594 2077 649 2126 In
684 2075 924 2142 liquidum
948 2074 1093 2126 rediit
1118 2079 1294 2126 aethera
1312 2076 1482 2124 Martis
1502 2079 1656 2141 equis.

525 2155 655 2217 sepe
698 2168 860 2218 tepent
891 2154 974 2203 aiii
1000 2158 1230 2219 juvenes:
1254 2170 1344 2218 ego
1367 2155 1549 2219 semper
1577 2157 1757 2205 amavi.

587 2230 652 2279 Et
685 2234 756 2288 si,
798 2229 918 2297 quid
939 2231 1110 2280 faciam
1132 2247 1260 2280 nunc
1287 2248 1510 2298 quoque,
1536 2237 1746 2298 quaeris;
1778 2250 1904 2282 amon.

527 2305 656 2367 Quin
679 2310 821 2355 etiam
845 2306 989 2357 docui
1003 2342 1024 2373 ³
1049 2308 1146 2374 qua
1166 2313 1316 2374 possis
1335 2325 1436 2359 arte
1455 2315 1645 2376 parati·
1632 2344 1650 2371 ‚

434 2395 494 2428 ιο
590 2385 651 2434 Et
680 2383 812 2451 quod
838 2401 965 2434 nunc
986 2374 1108 2436 ratio
1129 2385 1221 2445 est,
1246 2390 1451 2452 impetus
1468 2403 1577 2438 ante
1604 2389 1715 2439 fuit.

525 2463 629 2516 Nec
665 2479 750 2524 te,
778 2462 952 2514 blande
976 2481 1128 2530 puer.
1155 2481 1243 2516 nec
1270 2465 1448 2519 nostras
1478 2465 1729 2531 prodimus
1756 2480 1918 2527 arten

589 2542 694 2592 Nec
717 2559 843 2593 nova
862 2546 1152 2608 praeteritum
1173 2543 1315 2592 Musa
1340 2547 1511 2594 tetexit
1530 2561 1671 2610 opus·

524 2621 574 2669 Si
596 2622 701 2685 quis
725 2635 854 2670 amat
871 2655 888 2679 ,
914 2619 1048 2686 quod
1069 2637 1226 2670 amate
1246 2623 1379 2685 juvat
1396 2656 1411 2680 ,
1438 2620 1644 2672 feliciter
1673 2623 1846 2674 ardens

588 2697 807 2749 Gaudeat
829 2734 846 2760 ,
878 2702 928 2748 &
954 2714 1101 2748 vento
1120 2702 1313 2764 naviget
1333 2699 1416 2747 ille
1436 2700 1545 2748 suo.

434 2777 487 2825 ¹5
523 2775 589 2825 At
607 2809 624 2830 ,
659 2779 696 2824 si
718 2779 828 2842 quis
849 2776 975 2825 male
1008 2776 1099 2825 fert
1120 2774 1329 2844 indignae
1359 2793 1503 2841 regna
1525 2777 1734 2842 puella,

588 2852 663 2901 Ne
683 2869 844 2917 pereat
862 2889 884 2913 ,
910 2854 1079 2904 nostrae
1102 2856 1273 2905 sentiat
1293 2857 1405 2903 artis
1434 2872 1596 2920 opem.

524 2926 628 2980 Cur
648 2930 818 2996 aliquis
838 2965 854 2989 ,
877 2931 1059 2980 collum
1086 2933 1261 2998 laqueo
1281 2930 1488 2982 nodatus
1518 2935 1578 2983 ab
1601 2936 1731 2985 atsto
1743 2968 1767 2997 ,

585 3006 627 3055 E
655 3007 785 3055 trabe
821 3007 1012 3055 sublimi
1048 3009 1173 3058 triste
1196 3008 1421 3075 pependit
1452 3015 1605 3063 onus?

523 3083 626 3137 Cur
647 3083 816 3150 aliquis
832 3083 989 3150 rigido
1013 3084 1140 3136 fodit
1161 3089 1242 3137 sua
1262 3090 1439 3139 viscera
1458 3089 1585 3140 ferro
1610 3093 1632 3141 ἓ

426 3183 489 3217 20
585 3162 825 3217 Invidiam
845 3161 983 3216 caedis
1000 3198 1020 3227 ,
1044 3168 1174 3233 pacis
1195 3181 1379 3219 amator
1395 3202 1413 3231 ,
1435 3168 1601 3223 habet.
