2367 3992
348 499 532 570 PArtrs
574 499 804 566 OEuouAE.
883 512 944 582 341

185 613 281 667 flevisti
292 651 299 677 ‚
311 624 427 679 memini,
443 635 522 669 tamen
532 622 575 669 hac
587 623 612 669 in
623 637 682 670 voce
692 619 813 668 canentis:

220 693 269 755 Et,
281 694 347 744 Mala
359 732 367 757 ,
380 696 474 757 dixisti,
489 703 535 747 sint
547 716 630 763 precor
642 698 683 746 ista
694 695 797 760 procul..
924 708 954 754 3⁰

186 771 238 822 Nec
253 775 286 822 sic
302 773 352 823 fata
368 774 463 828 ferant,
476 775 573 824 tulerint
586 779 619 824 sic
635 790 713 823 cetera
728 772 855 839 quamvis,

219 850 255 900 Ut
269 854 357 916 possim
373 853 464 902 OEnone
479 851 574 917 perdere
591 852 646 901 laesa
662 853 740 900 Parin.

186 929 237 979 Tot
248 932 355 993 superare
366 946 443 979 metus
454 934 495 995 qui
507 948 562 985 me,
577 946 621 978 nec
633 926 729 977 credere
739 928 825 993 cogit,

221 1007 348 1072 (Ignoscas
359 1031 366 1070 p
379 1007 444 1057 idem
457 1025 478 1057 re
491 1025 587 1074 quoque
599 1007 663 1056 fallit
675 1007 759 1055 Amor.

186 1085 290 1150 imperat
302 1086 343 1136 ille
359 1086 416 1136 Deis
428 1106 434 1135 a
449 1087 504 1136 etim
515 1088 585 1145 vult,
598 1089 623 1134 in
635 1103 724 1135 cornua
735 1087 815 1148 tauri,
926 1103 953 1152 35

218 1163 283 1214 Ctim
296 1164 348 1214 vult
361 1200 368 1223 ,
384 1168 410 1214 in
423 1181 510 1230 pennas
526 1163 624 1214 destruit
637 1163 679 1211 ille
694 1164 788 1212 lovem.

184 1241 243 1292 Non
256 1241 320 1291 foret
335 1245 438 1292 interris
453 1257 520 1291 tanto
537 1238 646 1290 miranda
662 1238 748 1290 decore

217 1319 338 1382 Tyndaris
351 1339 358 1378 ς
370 1322 434 1375 heul
448 1319 550 1369 flammis
561 1334 617 1368 nata
628 1318 709 1385 puella
720 1319 801 1381 meis,

187 1400 212 1448 si
226 1398 323 1447 suauon
342 1415 419 1460 cycno
435 1395 546 1446 mur-riser
562 1399 671 1462 luppiter
687 1414 740 1446 ota.

219 1475 329 1525 fluxerat
341 1479 367 1524 in
382 1477 475 1524 Danae's
490 1493 572 1525 aureus
587 1491 641 1524 ante
656 1479 737 1525 sinus:
915 1492 955 1542 40

187 1552 366 1618 Piniferamque
381 1551 438 1602 lden
453 1553 525 1603 falsus
540 1554 677 1605 lustraverat
693 1552 757 1604 alest

218 1631 281 1678 Inter
296 1633 430 1695 Agenoreas
445 1631 629 1697 constiterat'que
642 1633 725 1681 boves.

184 1707 308 1781 Victorem
320 1706 421 1756 Alciden
436 1705 540 1755 domiuae
556 1711 609 1772 quis
625 1712 696 1772 pensa
709 1725 790 1760 tenere

219 1781 336 1832 Crederet
352 1789 361 1833 Ξ
377 1798 402 1832 at
417 1782 482 1831 lanas
496 1801 550 1832 nere
567 1788 647 1848 co'e'git
664 1787 749 1836 Amor.

186 1861 283 1911 Dicitur
297 1865 321 1911 δι
336 1859 395 1911 Coae
410 1858 492 1909 sediffc
505 1864 531 1909 in
543 1862 605 1910 veile
621 1862 722 1927 pucllaet

220 1939 264 1988 Illa
282 1937 397 1989 Cleonaeo
414 1941 473 1988 tella
490 1939 559 1987 leone
577 1938 634 1988 fuit.

185 2018 222 2069 Te
233 2020 333 2067 memini
344 2018 478 2075 Phoebum,
492 2017 602 2075 OErrone,
616 2017 627 2083 l
637 2034 690 2066 mea
700 2017 802 2069 crimina
812 2016 884 2088 diso)

215 2093 329 2160 fugtffe,
344 2099 368 2144 &
382 2095 475 2144 nostros
490 2092 639 2160 praeposuiffe
657 2110 731 2145 toros.

184 2171 242 2223 Non
256 2191 300 2239 ego
314 2173 451 2239 praestabam
466 2173 578 2221 Phcebo:
594 2171 634 2223 sed
650 2174 696 2223 tela
710 2172 812 2242 Cupido

216 2253 260 2301 His
275 2252 299 2301 iu
315 2266 338 2301 te
355 2251 433 2300 voluit
449 2249 540 2316 legibus
556 2253 590 2300 ire
606 2253 656 2301 sua.
923 2268 953 2316 50

184 2329 317 2382 Consolare
331 2345 412 2379 tamen
427 2324 500 2393 digna
516 2345 555 2378 tua
570 2328 656 2394 pellice
672 2328 776 2382 damna:

217 2411 296 2471 Quam
310 2410 353 2458 tibi
368 2409 532 2474 praetulimus,
547 2423 602 2457 nata
616 2408 696 2473 puella
706 2410 764 2458 Jove
778 2409 819 2458 est.

181 2487 229 2538 Sed
238 2485 306 2552 quod
315 2504 371 2536 nata
381 2488 440 2536 Jove
451 2486 483 2534 est
494 2521 502 2543 ‚
514 2483 644 2534 minimtlm
654 2502 694 2533 me
704 2489 782 2550 tangit
792 2489 818 2536 in
828 2483 885 2537 illa:

216 2565 289 2626 Quod
303 2582 353 2613 non
367 2565 399 2612 est
414 2564 484 2612 facies
499 2563 622 2628 pulchrior
635 2563 700 2617 ulla,
716 2578 798 2614 nocet.

182 2646 261 2709 Atque
279 2646 371 2691 utinam
387 2641 471 2690 fotmae
484 2638 557 2706 judex
571 2639 698 2689 incallidus
713 2637 786 2690 effcm
919 2656 946 2705 Η

217 2719 330 2771 Creditus
344 2717 429 2778 ldaeir,
449 2720 531 2782 Pegasi
546 2718 681 2782 Nympha,
695 2719 776 2783 jugis!

182 2799 241 2851 Non
255 2800 315 2847 mihi
329 2797 446 2855 lunonis,
461 2813 504 2845 nec
519 2793 611 2844 obeffet
626 2793 805 2857 paludestre,

215 2875 321 2926 Laudara
335 2875 367 2925 est
380 2874 457 2925 oculis
471 2871 538 2940 quod
552 2873 672 2936 Cytherda
687 2877 755 2924 meis.

181 2952 277 3004 Dividit
288 2957 338 3002 hac
351 2951 402 3001 aliis
414 2951 523 3001 flammas
533 2950 667 3016 celeresque
678 2968 807 3020 paresquet

214 3031 249 3081 Ut
262 3031 358 3080 libitum
374 3029 422 3086 est,
435 3031 484 3078 nati
497 3042 613 3092 temperat
628 3029 678 3092 ipsa
693 3028 766 3082 faces.
913 3038 946 3076 60

181 3108 239 3160 Non
252 3124 333 3160 tamen
346 3108 436 3158 evaluit
450 3109 525 3157 vitare
542 3105 671 3156 domestica
683 3108 741 3157 tela.

214 3186 281 3248 Quos
295 3187 347 3237 aliis
360 3201 427 3238 arcus
435 3218 445 3247 ,
463 3188 488 3235 δι
499 3184 545 3234 tibi
560 3182 641 3246 dura,
656 3185 730 3236 tulit=
